1839 3049
177 203 236 232 150
472 201 692 232 L'AFFAIRE
712 201 792 231 DES
813 213 827 230 «
843 201 1038 232 MAXIMES
1055 202 1134 232 DES
1155 200 1307 231 SAINTS
1325 212 1341 230 »

179 278 386 319 motivum
412 278 607 318 omnium
633 288 823 327 actuum,
853 277 927 334 qui
953 277 1202 327 deliberati,
1232 286 1273 318 et
1298 277 1511 318 meritorii
1537 287 1651 319 sunt.

234 345 329 385 Non
375 344 644 385 intendimus
687 353 833 385 tamen
873 360 951 400 per
994 360 1245 400 expressam
1297 344 1657 399 propositionum

176 411 428 467 hujusmodi
475 411 832 467 reprobationem
879 410 961 451 alia
1005 410 1048 450 in
1095 410 1248 451 eodem
1292 410 1405 450 libro
1453 420 1658 452 contenta

177 478 396 519 ullatenus
432 479 694 534 approbare.
736 479 790 518 Ut
829 485 972 517 autem
1011 477 1171 517 eaedem
1210 486 1449 533 praesentes
1484 478 1657 519 Litterae

178 544 382 585 omnibus
415 544 585 585 facilius
614 544 914 590 innotescant,
949 559 1028 584 nec
1061 544 1292 600 quisquam
1324 543 1497 584 illarum
1531 544 1659 603 igno-

178 611 363 652 rantiam
408 612 547 652 valeat
590 611 796 669 allegare,
845 610 1044 650 volumus
1088 610 1269 665 pariter,
1316 620 1356 651 et
1400 611 1658 652 auctoritate

179 678 358 735 praefata
394 678 689 727 decernimus,
730 687 775 718 ut
812 677 896 717 illae
933 677 986 717 ad
1023 677 1167 717 valvas
1204 677 1403 718 Basilica*
1437 677 1660 734 Principis

180 745 511 801 Apostolorum,
551 760 598 785 ac
637 744 920 785 Cancellaria‘
957 744 1238 800 Apostolicae,
1279 760 1357 784 nec
1395 760 1481 784 non
1519 745 1661 785 Curiae

181 812 412 853 Generalis
448 812 491 853 in
525 813 673 852 Monte
709 811 937 859 Citatorio,
973 821 1013 851 et
1044 811 1089 851 in
1116 811 1221 852 Acie
1250 811 1403 867 Campi
1434 812 1573 852 Florae
1608 811 1661 852 de

181 880 318 929 Urbe,
359 895 437 935 per
477 879 667 935 aliquem
708 894 759 919 ex
798 878 1064 919 Cursoribus
1102 878 1281 928 nostris,
1321 888 1367 919 ut
1407 879 1540 919 moris
1579 888 1659 928 est,

182 946 482 1002 publicentur,
525 946 787 1001 illarumque
823 945 1022 1000 exempla
1055 945 1221 986 ibidem
1259 944 1382 985 affixa
1413 945 1664 1001 relinquan-

182 1023 268 1063 tur,
300 1013 359 1053 ita
387 1023 432 1054 ut
465 1013 526 1053 sic
556 1012 806 1068 publicaue,
841 1028 992 1052 omnes
1022 1021 1062 1052 et
1098 1012 1313 1070 singulOS,
1345 1028 1454 1068 quos
1482 1028 1664 1053 concer-

184 1090 309 1129 nunt,
338 1080 522 1136 perinde
546 1078 751 1129 afficiant,
777 1095 823 1120 ac
848 1079 882 1119 si
908 1079 1145 1135 unicuique
1171 1079 1347 1119 illorum
1372 1078 1665 1135 personaliter

184 1147 415 1188 notificatae
445 1156 486 1188 et
513 1147 721 1188 intimatae
751 1146 935 1187 fuissent
967 1163 974 1186 :
1003 1155 1136 1202 utque
1164 1146 1357 1202 ipsarum
1383 1145 1665 1202 praesentium

184 1214 448 1255 Litterarum
486 1214 816 1269 transsumptis,
860 1230 934 1254 seu
976 1213 1205 1269 exemplis,
1249 1213 1379 1254 etiam
1417 1213 1662 1269 impressiS,

186 1297 314 1322 manu
340 1281 524 1337 alicujus
548 1280 715 1321 Notarii
740 1280 907 1336 publici
934 1280 1196 1335 subscriptis
1225 1289 1267 1320 et
1295 1279 1442 1338 sigillo
1467 1295 1666 1336 personae

185 1349 230 1390 in
256 1348 566 1389 Ecclesiastica
591 1348 804 1406 dignitate
827 1347 1088 1399 constitutae,
1114 1347 1292 1387 munitis
1309 1347 1460 1387 eadem
1486 1362 1668 1403 prorsus

187 1415 296 1456 fides
333 1424 420 1455 tam
460 1415 504 1455 in
539 1414 724 1470 judicio,
768 1431 897 1470 quam
937 1423 1057 1455 extra
1098 1414 1223 1463 illud,
1267 1414 1430 1470 ubique
1471 1414 1668 1454 locorum

187 1483 418 1532 habeatur,
450 1498 544 1538 quse
573 1482 681 1537 ipsis
710 1482 1001 1538 praesentibus
1026 1481 1281 1531 haberetur,
1310 1481 1345 1522 si
1374 1481 1516 1522 forent
1546 1480 1669 1521 exhi-

189 1550 306 1599 bitae,
345 1549 412 1590 vel
450 1559 650 1590 ostensae.
691 1550 845 1590 DATUM
883 1550 1047 1595 Roma’,
1093 1548 1208 1605 apud
1248 1550 1450 1589 Sanctam
1486 1547 1669 1589 Mariam

189 1618 418 1673 Majorem,
458 1617 538 1657 sub
576 1616 737 1657 annulo
774 1616 1029 1666 piscatoris,
1072 1616 1142 1656 die
1181 1632 1241 1656 ΧΠ
1277 1616 1424 1657 Martii
1463 1631 1666 1666 MDcxmx,

190 1683 478 1725 Pontificatus
507 1683 645 1725 nostri
672 1699 784 1724 anno
813 1693 980 1724 octavo.

973 1779 1008 1817 J.
1041 1778 1088 1818 F.
1119 1777 1248 1818 Card.
1279 1776 1490 1818 ALBAxus.

251 1911 378 1953 Anno
407 1928 427 1953 a
455 1912 685 1953 Nativitate
714 1914 766 1952 D.
797 1914 847 1953 N.
883 1913 918 1953 J.
955 1913 1003 1953 C.
1038 1912 1164 1961 1699,
1196 1911 1437 1952 indictione
1467 1910 1668 1967 septima,

195 1978 264 2019 die
292 1995 394 2019 vero
430 1979 481 2019 13
514 1979 675 2019 mensis
705 1979 870 2028 Martii,
905 1979 1190 2020 Pontificatus
1226 1988 1368 2019 autem
1407 1978 1671 2019 sanctissimi

195 2046 239 2087 in
267 2046 444 2087 Christo
472 2046 631 2096 Patris,
664 2055 705 2086 et
732 2048 784 2087 D.
815 2048 865 2087 N.
897 2048 949 2087 D.
982 2046 1227 2087 Innocentii
1256 2046 1402 2086 divina
1430 2045 1673 2086 Providen-

194 2113 254 2154 tia
274 2114 402 2169 Papae
424 2115 519 2163 XII,
542 2129 655 2154 anno
679 2115 771 2169 ejus
795 2123 961 2158 octavo,
989 2113 1289 2169 supradictum
1316 2115 1451 2153 Breve
1481 2111 1670 2162 affixum,

197 2190 239 2221 et
257 2180 527 2236 publicatum
551 2181 630 2221 suit
650 2180 702 2221 ad
720 2181 864 2221 valvas
884 2181 1081 2222 Basilica‘
1101 2180 1322 2236 Principis
1340 2179 1670 2235 Apostolorum,

197 2248 367 2305 Magnae
393 2248 533 2289 Curiae
562 2248 903 2297 Innocentianae,
934 2248 975 2287 in
1002 2248 1106 2288 Acie
1133 2247 1286 2303 Campi
1314 2247 1470 2296 Flora¹,
1501 2262 1548 2287 ac
1577 2246 1674 2287 aliis

198 2314 306 2354 locis
338 2314 478 2355 solitis
512 2324 554 2356 et
585 2315 806 2356 consuetis
838 2315 986 2361 Urbis,
1022 2331 1100 2370 per
1134 2330 1200 2355 me
1234 2314 1517 2355 Franciscum
1551 2313 1675 2354 Peri-

200 2397 302 2422 num
331 2381 527 2437 ejusdcm
555 2382 829 2423 Sanctissimi
855 2384 907 2422 D.
938 2383 988 2422 N.
1017 2383 1144 2437 Papa¹
1171 2383 1421 2422 Cursorem.

738 2475 1023 2516 Sebastianus
1047 2476 1279 2525 VASELLUS,
1310 2475 1426 2533 Mag.
1458 2475 1584 2515 Curs.

1812 430 1814 434 ·
1800 195 1829 418 ·1‚,·=tv-.D·’·÷z-:-³·='
