1839 3049
168 195 226 226 168
646 197 698 227 LE
716 188 983 229 JANSENISME
1001 198 1056 229 EN
1075 199 1153 229 1705

168 274 249 314 bus
275 273 498 314 observari
526 273 700 319 saciant,
729 290 776 314 ae
804 275 1111 316 inobedientes
1137 285 1178 317 et
1206 276 1396 317 rebelles
1422 278 1645 333 praedictis

168 341 326 397 poenis,
363 340 547 396 aliisque
577 341 688 396 juris
723 350 763 381 et
802 341 901 382 sacti
936 342 1159 387 remediis,
1196 343 1394 384 invocato
1427 345 1572 395 etiam,
1609 346 1645 387 si

167 424 277 463 opus
315 407 458 456 suerit,
496 407 665 447 brachii
703 408 922 448 seecularis
965 409 1141 455 auxilio,
1178 410 1356 451 omnino
1394 422 1641 454 coerceant.

168 476 325 515 Datum
352 475 500 514 Romae
528 473 643 529 apud
673 475 875 515 Sanctam
901 475 1081 515 Mariam
1108 477 1336 532 Majorem,
1366 493 1478 519 anno
1504 480 1647 520 Incar-

169 541 358 582 nationis
389 541 628 581 Dominicae
659 541 892 582 millesimo
928 543 1246 583 sexcentesimo
1279 544 1646 603 quinquagesimo

170 617 307 657 sexto,
356 608 526 648 decimo
567 608 754 663 septimo
798 609 982 649 Kalend.
1037 611 1311 656 Novembris,
1359 611 1646 654 Pontificatus

170 675 310 716 nostri
338 691 451 715 anno
480 674 689 715 secundo.

232 742 427 783 Subinde
470 757 589 786 vero,
633 759 718 799 quo
761 743 902 783 omnis
942 743 1296 798 Apostolicarum
1341 745 1647 786 definitionum

171 808 486 850 eludendarum
515 809 658 850 aditus
691 810 1076 860 intercluderetur,
1109 820 1372 852 memoratus
1400 812 1648 854 Alexander

170 876 486 934 praedeeeswr,
530 876 723 931 priscum
763 877 971 917 Ecclesiae
1010 894 1175 918 morem
1216 888 1443 934 sequutUS‚
1485 888 1647 920 certam

173 944 311 987 edidit
355 943 605 984 Formulam
648 945 700 984 ab
737 943 940 984 omnibus
984 945 1284 985 Ecclesiastici
1326 945 1523 995 Ordinis,
1561 955 1649 987 tam

174 1010 467 1055 Saecularibus
494 1026 621 1066 quam
644 1010 939 1068 Regularibus
961 1012 1162 1067 personis
1186 1012 1550 1053 subscribendam
1571 1029 1650 1069 per

172 1080 299 1121 aliam
326 1094 446 1119 suam
475 1078 555 1118 hac
587 1078 630 1118 in
658 1094 703 1118 re
733 1078 1054 1137 promulgatam
1084 1079 1455 1121 Constitutionem
1483 1080 1650 1121 tenoris

173 1145 414 1203 sequentiS‚
441 1144 646 1185 videlicet
675 1162 682 1184 z

229 1214 485 1255 ALExANDEa
507 1212 754 1268 Episcopus
777 1228 926 1253 servus
950 1229 1173 1254 servorum
1197 1213 1293 1264 Dei,
1319 1214 1372 1254 ad
1393 1223 1650 1270 perpetuam

173 1282 236 1323 rei
276 1279 546 1321 memoriam.
595 1279 842 1337 Regiminis
885 1280 1130 1335 Apostolici
1176 1280 1322 1321 divina
1369 1281 1652 1322 Providentia

173 1348 317 1392 nobis,
343 1346 538 1402 quamvis
562 1346 808 1390 immeritis,
841 1347 1062 1387 commissi
1084 1348 1194 1388 ratio
1220 1348 1428 1403 postulat,
1453 1358 1499 1389 ut
1524 1348 1577 1389 ad
1602 1364 1650 1389 ea

174 1414 467 1473 potissimum,
499 1429 593 1469 quse
619 1413 855 1454 Catholicfe
880 1414 1127 1472 Religionis
1154 1414 1396 1473 integritati
1423 1424 1464 1456 et
1489 1431 1651 1471 propa-

174 1481 356 1543 gationi,
382 1480 712 1536 animarumque
739 1480 883 1529 saluti,
906 1490 944 1521 et
971 1481 1188 1522 Fidelium
1213 1482 1521 1538 tranquillitati
1547 1497 1652 1522 con-

176 1550 318 1591 sulere
359 1557 459 1604 apta
495 1556 536 1588 et
574 1547 729 1587 idonea
766 1564 860 1587 esse
894 1548 1163 1603 judicantur,
1204 1548 1391 1589 animam
1427 1558 1467 1590 et
1504 1564 1653 1590 curam

176 1632 365 1663 omnem,
397 1623 606 1671 quantum
634 1614 752 1663 licet,
784 1614 826 1655 in
855 1615 1042 1655 Domino
1069 1616 1356 1671 applicemus.

235 1683 530 1735 Quamobrem
565 1682 759 1722 Cornelii
794 1682 986 1722 Jansenii
1024 1683 1242 1729 haeresim,
1280 1683 1323 1723 in
1359 1683 1514 1724 Galliis
1548 1699 1654 1739 prae-

177 1751 327 1792 sertim
362 1758 629 1804 serpentem,
662 1749 714 1788 ab
749 1749 1005 1789 Innocentio
1033 1751 1070 1790 X
1103 1750 1173 1790 sel.
1206 1750 1377 1791 record.
1407 1750 1654 1806 praedeces-

177 1835 274 1859 sore
314 1826 464 1858 nostro
514 1816 601 1855 sere
642 1831 921 1871 oppressam,
964 1816 1016 1856 ad
1055 1816 1193 1857 instar
1233 1817 1402 1857 colubri
1441 1816 1651 1867 tortuosi,

177 1887 300 1941 cujus
334 1892 463 1938 caput
494 1881 689 1922 attritum
721 1891 800 1926 est,
836 1882 879 1921 in
913 1883 1055 1922 varios
1091 1899 1222 1941 gyros
1256 1892 1297 1924 et
1331 1882 1654 1924 cavillationum

177 1951 372 1993 deflexus
411 1958 602 1997 euntem,
649 1948 861 2005 singulari
902 1950 1225 1990 Constitutione
1270 1949 1323 1990 ad
1364 1950 1481 1990 hunc
1522 1949 1653 1990 finem

179 2019 294 2060 edita
335 2016 470 2057 altero
510 2015 824 2071 assumptionis
865 2025 1023 2056 nostrae
1064 2032 1177 2056 anno
1214 2017 1471 2073 extinguere
1509 2015 1653 2056 conati

180 2086 354 2127 fuimus.
404 2083 490 2123 Sed
529 2092 573 2123 ut
616 2082 882 2138 multiplices
923 2083 1069 2123 Hostis
1109 2082 1286 2123 humani
1327 2082 1503 2139 generis
1539 2090 1654 2123 artes

180 2153 376 2201 adhibet,
402 2150 595 2190 nondum
619 2149 748 2205 plene
771 2150 981 2206 consequi
1002 2150 1240 2206 potuimus,
1265 2159 1308 2190 ut
1334 2165 1484 2190 omnes
1511 2165 1655 2190 erran-

178 2231 245 2263 tes
270 2220 313 2259 in
335 2218 447 2258 viam
473 2217 625 2257 salutis
651 2216 864 2260 redirent.
890 2217 963 2273 qui
991 2227 1133 2257 tamen
1160 2217 1313 2257 unicus
1340 2226 1429 2257 erat
1457 2225 1656 2257 votorum

181 2298 223 2329 et
245 2301 446 2327 curarum
473 2294 719 2324 nostrarum
747 2300 921 2340 scopus,
949 2285 1107 2340 quibus
1129 2300 1307 2340 operam
1333 2293 1372 2324 et
1397 2283 1656 2324 industriam

182 2369 302 2395 suam
325 2351 505 2409 egregio
529 2367 630 2390 sane
660 2350 804 2390 studio
832 2351 1118 2392 Venerabiles
1146 2352 1320 2391 Fratres
1344 2350 1480 2390 nostri
1500 2350 1658 2391 Archi-

182 2420 378 2477 episcopi
397 2428 436 2458 et
456 2417 663 2473 Episcopi
686 2417 809 2474 regni
827 2418 994 2462 Galliae,
1015 2417 1265 2457 earumdem
1283 2416 1657 2457 Constitutionum

182 2485 533 2543 Apostolicaruni
564 2484 845 2539 exequutioni
873 2484 1091 2540 praecipue
1116 2483 1270 2524 intenti
1295 2483 1591 2532 contulerunt,
1616 2491 1657 2523 et

167 2552 479 2595 Chai-issimus
511 2551 550 2591 in
583 2551 758 2591 Christo
788 2551 924 2591 Filius
949 2560 1096 2592 noster
1120 2552 1211 2591 Rex
1234 2549 1653 2599 Christianissimus,

184 2619 395 2677 singulari
428 2619 588 2674 pietate
620 2618 872 2658 auxiliarem
905 2618 1126 2659 dexteram
1161 2627 1339 2658 strenuo
1371 2633 1417 2657 ac
1451 2625 1656 2657 constan-

167 2688 353 2728 -tissimo
381 2686 524 2726 animo
551 2685 760 2741 porrexit.
