1839 3049
0 0 38 299 -v‘vr-a-vm

394 178 664 213 CIRCULAIRE
690 183 744 213 DE
770 175 1062 214 L’ASSEMBLEE
1087 184 1144 214 DU
1168 177 1336 217 CLERGP'}
1571 191 1608 220 47

119 257 236 299 nitus
255 258 390 300 fuisse
407 274 665 300 concessum
683 277 691 310 3
714 260 833 316 quod
847 268 890 301 et
906 261 958 301 ab
978 262 1214 317 Evangelio
1233 263 1441 305 discimus
1459 274 1501 306 et
1521 275 1606 307 tota

120 324 249 366 docet
281 325 589 367 Ecclesiastica
630 326 825 368 traditio.
871 329 1016 381 Quare
1056 329 1098 368 in
1139 330 1335 370 Romano
1378 333 1606 383 pontifico,

120 392 237 434 Petri
259 409 532 444 successore,
559 412 580 433 «
605 410 833 444 summam,
856 394 960 436 lieet
982 411 1066 436 non
1088 396 1223 436 solam
1250 415 1287 445 »‚
1313 414 1408 438 eum
1433 400 1482 439 Β.
1510 402 1609 441 Ber-

121 460 258 501 nardo
283 476 346 501 «a
379 463 471 501 Deo
500 462 745 502 institutam
776 462 1077 518 Apostolieam
1104 466 1394 519 potestatem¹
1425 484 1445 504 »
1485 483 1609 508 vene-

120 527 218 579 rati,
244 537 413 569 servato
441 528 597 569 crediti
629 529 755 569 nobis
784 530 949 570 Christi
974 530 1217 571 Sacerdotii
1246 532 1428 583 honore,
1459 533 1609 575 Clav'es

119 594 308 650 primum
330 595 403 635 uni
427 595 609 636 traditas
627 612 721 636 esse
746 604 791 636 ut
814 597 968 636 unitati
993 607 1286 647 servarentur,
1315 616 1411 639 cum
1436 602 1608 641 Sam-tis

120 661 340 712 Patribus,
368 662 661 720 Ecclesiaeque
685 663 951 704 Doctoribus
975 664 1291 720 pra¹dieamus3
1320 667 1470 723 sieque
1493 685 1609 709 sum-

121 745 290 771 morum
328 730 612 781 Pontificum,
654 747 728 771 seu
765 732 910 788 quoad
943 732 1092 782 fidem,
1133 749 1207 773 seu
1246 734 1388 789 quoad
1424 751 1609 791 genera-

121 797 206 839 lem
232 798 488 855 Disciplinae
515 799 775 856 Morumque
805 799 1177 850 reformationem,
1203 802 1403 841 Decretis
1433 792 1610 845 Fideles

121 881 273 907 omnes
301 882 529 908 censemus
558 883 654 908 esse
679 868 911 917 obnoxios,
943 876 987 908 ut
1014 884 1228 925 supremfe
1260 869 1376 910 illius
1412 871 1611 927 spiritua-

120 933 174 974 lis
218 935 455 975 potestatis
500 951 602 976 usus
638 951 716 992 per
751 936 951 976 Canones
986 937 1119 976 totius
1173 937 1292 977 orbis
1336 938 1612 979 observantia

122 1010 402 1043 consecratos
425 1002 786 1043 determinandus
812 1003 1195 1060 moderandusque
1217 1005 1272 1044 sit
1292 1023 1299 1055 3
1330 1015 1371 1045 et
1394 1006 1429 1046 si
1454 1023 1538 1063 qua
1564 1023 1615 1048 ex

125 1068 419 1110 Ecclesiarum
441 1069 716 1110 dissentione
737 1070 881 1128 gravis
900 1069 1135 1111 difficultas
1156 1073 1399 1123 emerserit,
1421 1076 1611 1129 «major,

123 1145 170 1178 ut
194 1136 391 1193 loquitur
416 1139 500 1178 Leo
524 1139 728 1195 Magnus,
761 1154 812 1178 ex
832 1146 923 1179 toto
950 1139 1055 1178 orbe
1088 1139 1376 1179 Sacerdotum
1408 1156 1614 1181 numerus

125 1213 420 1262 congregetur
453 1205 984 1263 generalisque*synodus
1019 1205 1283 1255 celebretur,
1329 1223 1422 1263 qua*
1464 1224 1615 1249 omnes

125 1271 394 1313 offensiones
419 1272 477 1313 ita
502 1282 576 1314 aut
604 1273 804 1329 repellat,
837 1282 909 1313 aut
935 1272 1121 1330 mitiget,
1152 1290 1204 1313 ne
1228 1274 1338 1314 ultra
1365 1275 1530 1331 aliquid
1561 1275 1617 1315 sit

125 1339 193 1381 vel
215 1340 258 1380 in
282 1339 368 1380 fide
389 1340 586 1390 dubium,
618 1341 684 1381 vel
712 1340 755 1381 in
781 1341 991 1382 charitate
1023 1340 1211 1381 divisum
1227 1344 1256 1381 ’3.
1289 1359 1308 1381 ³)

187 1407 419 1462 Caeterum,
448 1409 621 1448 Fratres
654 1408 1010 1466 Religiosissimi,
1040 1424 1137 1449 eum
1168 1409 1432 1466 Respublica
1465 1411 1616 1451 Chris-

126 1475 258 1527 tiana,
280 1491 366 1516 non
385 1476 643 1517 Saeerdotio
660 1485 845 1527 tantum,
863 1476 939 1517 sed
956 1475 1085 1516 etiam
1105 1478 1273 1533 Regum
1290 1487 1331 1517 et
1351 1495 1370 1516 ((
1395 1478 1616 1519 sublimio-

126 1557 221 1584 rum
241 1544 512 1585 Potestatum
531 1561 552 1584 1)
570 1544 759 1601 Imperio
779 1545 1075 1601 gubernetur3
1100 1544 1157 1584 ita
1175 1544 1303 1585 etiam
1325 1554 1371 1586 ut
1393 1545 1617 1602 prospexi-

128 1626 238 1660 mus,
252 1626 306 1651 ne
319 1610 630 1653 schismatibus
641 1610 1083 1661 dividaturEcclesia,
1098 1612 1158 1652 sie
1177 1621 1220 1652 et
1234 1612 1466 1653 debuimus
1481 1614 1617 1654 omni-

127 1678 208 1719 bus
230 1678 408 1736 Imperii
429 1679 708 1730 tumultibus,
733 1679 1092 1736 populorumque
1116 1680 1310 1720 moribus
1335 1680 1504 1721 obviam
1535 1680 1614 1730 ire,

126 1744 170 1786 in
196 1761 247 1787 eo
272 1747 515 1802 praesertim
542 1748 716 1804 Regno,
746 1747 787 1787 in
818 1762 903 1804 quo
931 1755 997 1787 tot
1020 1747 1121 1787 olim
1138 1781 1146 1797 ‚
1176 1748 1321 1803 speeie
1347 1748 1590 1805 Religionis
1607 1781 1615 1797 ,

127 1814 453 1870 perduelliones
491 1823 651 1855 exortae
684 1823 809 1865 sunt,
847 1831 895 1856 ae
932 1823 1165 1871 propterea
1206 1815 1383 1872 Regiam
1428 1816 1618 1856 auctori-

127 1889 279 1931 tatem,
304 1882 447 1938 quoad
471 1881 748 1938 temporalia,
777 1898 798 1922 a
827 1882 1054 1924 pontificia
1084 1882 1266 1923 liberam
1296 1898 1390 1922 esse
1421 1898 1617 1939 pronun-

130 1948 347 2000 tiavimus,
381 1966 434 1991 ne
461 1950 496 1990 si
532 1950 642 1990 forte
676 1949 984 1992 Eeclesiastiea
1020 1951 1218 1991 Potestas
1257 1950 1511 1991 crederetur
1541 1950 1619 1991 ali-

131 2015 237 2072 quid
268 2016 425 2068 moliri,
471 2017 589 2074 quod
623 2017 911 2074 temporalem
944 2017 1177 2068 minueret,
1218 2017 1466 2058 Christiana
1498 2026 1618 2058 tran-

131 2083 325 2140 quillitas
354 2084 621 2125 turbaretur.

190 2151 412 2209 Rogamus
432 2168 563 2209 porro
582 2153 919 2194 Fraternitatem
939 2153 1238 2208 Pietatemque
1259 2161 1464 2203 vestram,
1488 2154 1620 2194 Reve-

131 2218 385 2260 rendissimi
422 2220 654 2271 pnes-ales,
683 2229 729 2261 ut
765 2220 985 2276 quondam
1019 2220 1205 2261 Concilii
1245 2220 1620 2276 Constantinopo-

131 2285 255 2327 litani
282 2286 412 2343 primi
436 2288 586 2328 Patres
616 2288 829 2346 rogabant
854 2289 1060 2329 Romanae
1088 2287 1254 2343 Synodi
1280 2287 1542 2344 Episeopos,
1568 2287 1620 2327 ad

133 2368 243 2410 quos
267 2354 504 2410 Synodalia
527 2371 600 2396 sua
629 2364 753 2413 gesta
775 2355 1032 2405 mittebant3
1058 2363 1104 2395 ut
1127 2355 1179 2395 de
1202 2355 1255 2395 iis
1281 2371 1374 2411 qua·
1391 2355 1448 2406 ¹ad
1475 2354 1620 2395 Eccle-

133 2423 207 2464 siae
229 2423 466 2466 Gallicanae
490 2433 705 2481 perpetuo
734 2433 893 2466 sartam
915 2434 1073 2466 tectam
1099 2425 1443 2466 conservandam
1471 2440 1621 2481 pacem

134 2490 446 2548 explicuimus,
489 2491 616 2533 nobis
659 2511 678 2531 u
719 2492 1117 2550 congratulemini3
1157 2509 1202 2543 υ,
1239 2501 1282 2534 et
1316 2491 1431 2534 idem
1473 2491 1620 2533 nobis-

176 2645 205 2675 1.
233 2647 254 2675 S
289 2646 389 2676 Bern.
408 2646 469 2676 lib.
488 2649 505 2676 3
523 2647 563 2676 de
583 2647 714 2677 consid.

177 2687 207 2716 2.
231 2687 266 2717 S.
286 2687 363 2723 Leo,
384 2688 494 2727 Epist.
514 2689 564 2723 24,
584 2688 627 2718 ad
646 2688 829 2724 Theodos.‚
849 2690 994 2729 August.

177 2728 206 2757 3.
233 2727 343 2768 Epist.
364 2729 445 2769 Syn.
468 2729 569 2759 Cone.
591 2730 768 2765 Constant,
796 2731 807 2759 l
828 2730 870 2760 ad
889 2731 992 2759 Cone.
1010 2730 1106 2759 Rom.
