1839 3049
211 222 250 250 40
336 221 387 251 LA
412 211 581 251 REGALE
607 239 644 242 —
668 221 747 251 LES
770 213 982 252 LIBERTES
1006 221 1061 251 DE
1086 212 1277 251 L'EGLISE
1303 221 1544 252 GALLICANE

211 298 342 338 immo
361 297 477 354 apud
498 298 614 338 hune
634 298 777 353 ipsum
799 297 938 338 libera
958 313 1063 338 voce
1079 296 1391 347 deffenderint,
1411 297 1687 356 victoresque

212 381 233 405 a
264 365 402 422 Regio
429 373 668 422 conspectu
690 364 993 414 discesserint,
1024 364 1171 405 relatis
1200 364 1330 405 etiam
1357 366 1410 405 ab
1439 365 1688 421 aequissimo

213 432 332 488 Rege
368 431 556 487 praemiis
585 431 821 472 Pastoralis
855 430 985 472 officii
1015 439 1192 472 strenue
1219 431 1421 488 impleti?
1451 432 1558 485 Quis
1592 447 1689 472 ves-

211 505 325 537 trum
359 498 401 537 in
432 514 607 538 arenam
637 498 868 539 descendit
893 506 938 539 ut
968 507 1213 554 opponeret
1244 514 1414 539 murum
1451 514 1530 555 pro
1559 498 1689 539 domo

212 564 379 605 Israel?
413 564 519 617 Quis
551 581 680 606 ausus
711 574 776 606 est
808 564 980 605 invidiae
1009 581 1054 606 se
1084 564 1276 606 offerre?
1305 566 1412 617 Quis
1445 565 1512 606 vel
1540 581 1691 607 vocem

213 647 339 672 unam
361 631 507 673 emisit
534 648 769 673 memorem
798 631 994 689 pristinae
1016 632 1264 673 libertatis?

272 699 523 740 Clamarunt
562 699 754 749 interim,
800 698 927 740 sicuti
959 698 1170 749 scribitis,
1215 708 1257 740 et
1289 698 1465 755 quidem
1503 699 1545 740 in
1583 699 1693 740 mala

214 782 356 815 causa,
386 781 464 823 pro
500 767 619 825 regio
643 768 741 822 jure
767 767 1010 807 clamarunt
1043 766 1179 823 Regis
1206 766 1470 817 administri,
1497 782 1592 807 cum
1616 782 1692 808 vos

212 833 255 874 in
287 834 450 890 optima
473 850 551 890 pro
578 834 743 875 Christi
764 835 931 875 honore
955 833 1164 874 silueritis
1184 851 1192 882 ;
1220 849 1362 890 neque
1385 833 1457 874 illa
1484 833 1693 875 solidiora

212 901 330 958 quod
352 900 567 941 reddituri
596 901 722 941 nobis
750 900 961 942 rationem
986 916 1059 941 seu
1081 900 1225 941 verius
1248 901 1574 949 excusationem
1593 901 1693 941 alla-

214 970 299 1010 turi
321 985 465 1009 rerum
488 967 531 1008 in
556 968 807 1024 hujusmodi
837 968 1025 1009 comitiis
1058 984 1136 1024 per
1169 984 1243 1009 vos
1272 976 1467 1009 actarum
1493 983 1694 1026 exagera-

211 1038 266 1077 tis
289 1035 550 1093 periculum,
582 1052 635 1076 ne
665 1036 969 1077 Sacerdotium
1000 1044 1042 1076 et
1086 1036 1322 1092 Imperium
1358 1036 1474 1076 inter
1501 1052 1547 1076 se
1575 1035 1694 1077 colli-

212 1105 387 1154 dantur,
425 1111 467 1143 et
500 1103 610 1143 mala
640 1119 735 1160 quse
766 1103 922 1144 exinde
951 1104 993 1143 in
1028 1102 1267 1144 Ecclesiam
1307 1111 1349 1144 et
1377 1103 1695 1160 rempublicam

213 1171 422 1227 consequi
449 1178 654 1227 possent3
679 1171 864 1226 proinde
896 1171 1166 1211 existimasse
1191 1186 1268 1210 nos
1300 1170 1354 1210 ad
1383 1169 1574 1212 officium
1598 1187 1695 1211 ves-

214 1248 327 1279 trum
348 1239 570 1294 pertinere
593 1238 781 1294 aliquam
798 1237 909 1278 inire
929 1239 1141 1279 rationem
1162 1238 1346 1278 tollendi
1360 1238 1413 1278 de
1434 1238 1578 1279 medio
1592 1237 1695 1296 glis-

214 1306 353 1348 centis
382 1304 570 1354 dissidii,
597 1305 759 1345 nullam
778 1322 879 1346 vero
902 1304 1243 1346 commodiorem
1272 1305 1527 1362 apparuisse
1555 1321 1694 1346 reme-

214 1373 286 1413 dio
335 1373 387 1413 ab
432 1371 637 1412 Ecclesiae
684 1372 887 1413 Patribus
933 1371 1142 1423 indicato,
1193 1371 1286 1412 utili
1320 1371 1694 1413 condescensione

214 1443 413 1482 Canones
441 1438 717 1495 temperandi
743 1455 824 1496 pro
855 1448 1100 1496 temporum
1136 1439 1415 1489 necessitate,
1447 1438 1522 1480 ubi
1553 1455 1694 1496 neque

213 1508 315 1549 fidei
350 1507 526 1557 veritas,
566 1522 706 1563 neque
747 1523 913 1548 morum
947 1508 1154 1547 honestas
1184 1506 1512 1563 periclitentur3
1543 1506 1696 1547 deberi

214 1576 266 1616 ab
285 1574 438 1616 ordine
457 1583 615 1623 vestro,
642 1574 793 1615 deberi
816 1590 837 1614 a
860 1573 1101 1624 Gallicana,
1130 1575 1215 1615 imo
1244 1575 1297 1615 ab
1324 1574 1525 1614 universa
1547 1574 1691 1615 Eccle-

215 1644 292 1693 sia,
327 1642 561 1699 plurimum
602 1641 729 1698 Regi,
761 1650 845 1682 tam
876 1641 1083 1698 praeelarc
1116 1641 1169 1682 de
1204 1641 1429 1682 Catholica
1464 1641 1695 1699 Religione

216 1710 386 1759 merito,
417 1719 456 1750 ct
480 1710 523 1750 in
545 1710 638 1750 dies
661 1708 798 1766 magis
821 1708 977 1750 mereri
997 1708 1218 1766 cupienti;
1240 1717 1474 1765 propterea
1496 1724 1576 1749 nos
1596 1709 1695 1765 jure

214 1787 358 1819 vestro
380 1777 662 1826 decedentes,
691 1776 799 1817 illud
827 1776 868 1816 in
898 1778 1062 1834 Regem
1087 1776 1341 1817 contulisse.

274 1844 488 1887 Mittimus
517 1844 587 1885 hic
613 1860 956 1885 commemorare
980 1860 1074 1900 qua*
1101 1843 1361 1900 significatis
1391 1843 1445 1883 de
1474 1842 1696 1900 appellato

214 1930 235 1954 a
262 1913 385 1954 vobis
415 1911 611 1952 saeculari
636 1911 912 1969 Magistratu,
939 1927 958 1950 a
985 1926 1070 1967 quo
1095 1900 1197 1951 victi
1224 1910 1544 1960 discesseritis3
1572 1910 1695 1966 cupi-

216 1997 308 2021 mus
349 1979 463 2021 enim
504 1981 597 2034 ejus
637 1977 736 2019 facti
779 1979 1031 2019 memoriam
1069 1978 1252 2028 aboleri,
1299 1977 1498 2018 volumus
1538 1993 1587 2018 ea
1623 1993 1697 2018 vos

214 2049 345 2089 verba
374 2063 395 2087 c
420 2046 579 2087 litteris
606 2045 762 2086 vestris
787 2062 1039 2104 expungere
1061 2062 1114 2086 ne
1135 2045 1177 2085 in
1201 2045 1309 2086 actis
1339 2044 1456 2086 Cleri
1482 2044 1698 2086 Gallicani

216 2115 436 2156 resideant
460 2114 511 2154 ad
536 2113 729 2154 dedecus
751 2113 882 2154 vestri
911 2113 1102 2154 nominis
1128 2113 1443 2169 sempiternum
1461 2113 1489 2152 ¹.

275 2186 380 2236 Qum
402 2182 455 2222 de
478 2181 737 2222 Innocentio
774 2181 845 2231 III,
873 2180 1113 2221 Benedieto
1139 2181 1233 2229 XII,
1266 2178 1491 2220 Bonifacio
1521 2180 1619 2221 VIII
1654 2178 1698 2220 in

215 2259 402 2291 vestram
444 2247 747 2289 defensionem
788 2247 1021 2297 adducitis,
1079 2263 1164 2287 non
1211 2247 1388 2287 defuere
1434 2245 1508 2302 qui
1557 2245 1697 2287 doctis

215 2315 613 2358 Lucubrationibus
653 2315 926 2355 ostenderint
967 2330 1095 2370 quam
1139 2313 1288 2354 frivola
1328 2321 1458 2369 atque
1495 2321 1698 2354 extranea

218 2384 303 2425 sint
324 2384 424 2424 huic
453 2399 608 2433 causae,
633 2390 676 2422 et
699 2382 835 2440 magis
859 2390 1008 2422 uotum
1031 2390 1110 2432 est,
1135 2396 1264 2438 quam
1294 2389 1338 2421 ut
1363 2396 1472 2436 opus
1499 2379 1555 2420 sit
1579 2396 1698 2422 com-

218 2466 473 2500 memorare,
513 2466 597 2506 quo
637 2449 749 2499 zelo,
792 2465 875 2505 qua
911 2449 1154 2489 constantia
1190 2448 1335 2488 eximii
1373 2446 1436 2487 illi
1475 2446 1699 2488 Pontificis

219 2519 425 2560 Ecclesiae
451 2518 698 2558 libertatem
731 2516 1029 2558 deffenderint
1057 2516 1263 2557 adversus
1299 2514 1526 2556 saeculares
1551 2522 1699 2571 potes-

260 2721 283 2749 1.
312 2718 392 2747 Υυίι·
408 2719 493 2747 dans
510 2718 542 2746 Ia
564 2718 661 2746 lettre
676 2717 720 2746 du
735 2717 848 2757 cierge
871 2728 913 2746 au
931 2717 1034 2756 Papo,
1049 2728 1080 2756 p.
1106 2717 1153 2751 13,
1176 2715 1206 2745 le
1225 2715 1359 2744 resume
1377 2713 1437 2743 des
1452 2713 1624 2743 doctrines
1649 2713 1695 2743 du

216 2762 410 2792 Parlemcnt
425 2770 483 2788 sur
502 2759 533 2788 Ia
552 2759 688 2798 Regale.
