1839 3049
192 173 251 203 146
484 170 703 201 L'AFFAIRE
725 171 804 201 DES
828 182 842 200 «
867 170 1063 201 MAXIMES
1082 171 1162 201 DES
1182 171 1335 201 SAINTS
1356 182 1370 201 »

187 249 273 289 huc
315 263 452 304 usque
499 247 780 304 impressum,
828 257 900 288 aut
944 247 987 287 in
1034 256 1260 303 posterum
1307 247 1667 303 imprimendum,

189 315 353 371 quippe
375 330 427 355 ex
447 315 570 370 cujus
593 314 798 363 lectione,
825 323 865 355 et
887 330 966 354 usu
990 314 1143 354 fideles
1167 314 1329 354 sensim
1353 314 1395 354 in
1419 331 1591 355 errores
1617 316 1670 356 ab

186 381 382 423 Ecclesia
406 381 633 422 Catholica
654 383 743 437 jam
767 381 994 421 damnatos
1017 381 1165 421 induci
1187 390 1365 437 possent
1386 399 1395 431 3
1420 397 1467 422 ac
1490 381 1671 438 insuper

186 458 394 505 tanquam
432 448 731 489 continentem
768 447 1102 504 Propositiones
1144 448 1231 489 sive
1276 448 1319 488 in
1360 448 1488 489 obvio
1523 465 1670 490 earum

186 517 422 557 verborum
470 531 623 565 sensu,
678 515 765 555 sive
816 523 981 556 attenta
1031 515 1348 556 sententiarum
1398 516 1669 557 connexione

186 583 466 633 temerarias,
514 582 816 633 scandalosas,
864 582 974 623 male
1016 592 1244 627 sonantes,
1288 583 1459 639 piarum
1501 583 1670 624 aurium

188 649 439 700 offensivas,
471 649 514 690 in
542 650 666 706 praxi
698 649 987 705 perniciosaS,
1019 665 1066 690 ac
1098 649 1228 691 etiam
1260 666 1467 691 erroneas
1498 666 1669 707 respec-

186 717 289 767 tive,
320 726 472 758 tenore
501 717 785 773 praesentium
812 717 1068 757 damnamus
1098 727 1138 758 et
1165 718 1478 772 reprobamus3
1507 718 1670 774 ipsius-

189 799 271 840 que
302 783 423 824 Libri
454 783 809 839 impressionem,
844 783 1207 839 descriptionem,
1241 784 1492 833 lectionem,
1528 793 1668 825 reten-

185 850 350 892 tionem
373 860 414 892 et
435 867 561 891 usum
587 850 790 891 omnibus
817 860 858 891 et
884 850 1070 909 singulis
1097 850 1262 892 Christi
1288 851 1516 892 Fidelibus
1539 851 1668 892 etiam

187 917 391 974 specifica
422 927 464 958 et
494 917 719 958 individua
751 917 972 959 mentione
1005 927 1046 958 et
1077 918 1360 973 expressione
1389 918 1553 977 dignis,
1588 919 1668 959 sub

185 1001 313 1041 poena
356 985 822 1026 excommunicationis
861 1001 938 1041 per
976 994 1127 1026 contra
1168 985 1377 1026 facientes
1418 986 1514 1041 ipso
1555 986 1668 1026 sacto

185 1053 350 1109 absque
380 1052 462 1094 alia
484 1052 797 1102 declaratione,
823 1052 1088 1093 incurrenda
1111 1052 1432 1103 interdicimus,
1458 1062 1499 1094 et
1521 1053 1668 1109 prohi-

185 1120 355 1160 bemus.
389 1119 615 1170 Volentes,
654 1129 695 1161 et
727 1120 984 1175 Apostolica
1017 1120 1276 1160 auctoritate
1312 1120 1586 1171 mandantes,
1622 1130 1669 1162 ut

186 1187 450 1244 quicumque
481 1186 781 1243 supradictum
811 1187 990 1228 Librum
1023 1203 1158 1242 penes
1189 1203 1232 1228 se
1260 1187 1518 1237 habuerint,
1544 1188 1667 1229 illum

186 1254 331 1295 statim
371 1263 500 1311 atque
541 1263 780 1310 praesentes
821 1254 995 1295 Litterae
1036 1254 1097 1294 eis
1137 1254 1426 1305 innotuerint,
1470 1255 1667 1296 locorum

185 1321 450 1371 Ordinariis,
483 1321 550 1362 vel
584 1322 800 1362 haereticm
833 1321 1061 1377 pravitatis
1093 1321 1437 1377 Inquisitoribus
1470 1322 1662 1373 tradere,

184 1404 232 1429 ac
257 1388 518 1447 consignare
542 1389 720 1429 omnino
742 1398 974 1430 teneantur
1004 1405 1010 1428 ;
1037 1388 1080 1428 111
1108 1389 1376 1429 contrarium
1402 1389 1665 1430 facientibus

183 1472 270 1497 non
300 1456 578 1497 obstantibus
610 1456 977 1512 quibuscumque.
1015 1458 1221 1497 Ceterum
1252 1456 1587 1512 Propositiones
1619 1457 1664 1497 in

182 1522 300 1564 dicto
342 1522 475 1563 Libro
519 1532 755 1573 contentse,
809 1539 915 1579 quas
961 1523 1206 1579 Apostolici
1256 1539 1441 1565 censura
1479 1523 1660 1580 judicii,

182 1589 294 1630 sicut
323 1589 636 1645 praemittitur,
674 1590 958 1649 configendas
997 1590 1216 1640 duximus,
1255 1606 1306 1631 ex
1342 1591 1512 1631 Gallico
1550 1590 1664 1632 idio-

182 1665 294 1698 mate
334 1656 378 1698 in
415 1657 616 1698 Latinum
650 1673 807 1708 versae,
846 1667 945 1698 sunt
978 1658 1145 1698 tenoris
1181 1658 1254 1714 qui
1290 1658 1504 1714 sequitur,
1541 1658 1664 1699 vide-

183 1723 286 1765 licet
315 1740 322 1764 :

239 1791 272 1831 I.
309 1792 447 1832 Datur
483 1791 720 1832 habitualis
755 1801 891 1833 status
926 1792 1087 1833 amoris
1126 1792 1223 1843 Dei,
1264 1792 1338 1848 qui
1376 1800 1442 1833 est
1476 1792 1659 1833 caritas¹

181 1873 307 1913 pura,
338 1867 380 1899 et
407 1858 499 1899 sine
526 1858 613 1899 ulla
643 1859 910 1900 admixtione
940 1860 1089 1900 motivi
1120 1860 1290 1916 proprii
1322 1859 1560 1910 interesse3
1572 1892 1658 1900 .....

182 1940 324 1981 neque
352 1925 483 1966 timor
508 1942 757 1982 poenarum,
787 1943 928 1983 neque
960 1927 1229 1967 desiderium
1258 1927 1661 1968 remunerationum

181 1991 346 2033 habent
381 1993 568 2049 amplius
602 1993 646 2033 in
685 2010 734 2034 eo
768 2003 953 2049 partem.
990 1995 1084 2035 Non
1119 2003 1288 2035 amatur
1319 1994 1506 2050 amplius
1543 1996 1660 2035 Deus

180 2068 364 2115 propter
412 2060 637 2110 meritum,
693 2076 834 2117 neque
887 2071 1068 2117 propter
1120 2061 1459 2117 perfectionem,
1518 2077 1660 2118 neque

180 2135 363 2182 propter
391 2126 643 2167 felicitatem
669 2127 713 2167 in
739 2144 789 2168 eo
815 2128 999 2169 amando
1026 2128 1349 2169 inveniendam.

239 2195 292 2234 II.
330 2195 378 2234 In
410 2203 522 2235 statu
553 2194 649 2235 vitae
677 2196 1042 2251 contemplativae,
1078 2196 1165 2236 sive
1199 2196 1389 2246 unitivae,
1422 2188 1672 2237 aunittitur‘s

180 2276 307 2301 omne
334 2261 541 2302 motivum
566 2261 875 2303 interessatum
903 2262 1074 2303 timoris
1103 2272 1144 2303 et
1174 2264 1283 2319 spei.

238 2328 313 2367 HI.
351 2327 399 2368 Id
428 2328 545 2384 quod
580 2338 644 2369 est
673 2329 906 2370 essentiale
938 2329 982 2370 111
1015 2329 1259 2370 directione
1293 2329 1446 2370 animae
1477 2339 1542 2371 est
1572 2345 1659 2371 non

180 2393 299 2434 aliud
328 2394 512 2444 facere-3,
545 2412 673 2451 quam
700 2396 823 2452 sequi
853 2396 1123 2452 pedetentim
1153 2397 1337 2455 gratiam
1367 2413 1463 2437 cum
1489 2397 1659 2438 mfmita

181 2461 408 2516 patientia,
442 2463 735 2518 praecautione
768 2472 809 2503 et
840 2463 1098 2505 subtilitate.
1139 2466 1325 2520 Oportet
1359 2480 1403 2504 se
1435 2464 1548 2505 intra
1579 2465 1659 2504 hos

222 2615 250 2643 1.
277 2614 368 2655 Page
384 2616 422 2645 1⁴⁷»
438 2616 477 2645 de
495 2617 527 2645 la
543 2617 711 2656 premiere
726 2617 867 2648 edition.

222 2656 251 2684 2.
277 2656 387 2695 Pages
409 2657 446 2686 23
465 2661 497 2687 et
513 2658 563 2687 24.

222 2696 252 2725 3.
278 2696 367 2736 Pege
388 2698 437 2727 35.

1815 103 1839 146 :ml
