1839 3049
358 136 701 168 CONDAMNATION
725 137 805 167 DES
830 148 845 166 «
870 136 1066 167 MAXIMES
1090 137 1170 166 DES
1195 138 1348 169 SAINTS
1371 149 1386 168 >2
1556 140 1614 170 145

187 214 242 252 Le
263 214 356 251 bref
370 215 592 251 condamne
614 214 773 264 l'esprit
791 214 955 263 general
974 215 1026 251 du
1046 213 1146 250 livre
1166 215 1233 264 qui
1256 217 1437 265 pourrait
1455 216 1614 255 induire

134 276 193 313 les
213 275 353 312 fideles
378 278 399 311 a
423 276 494 312 des
522 288 686 312 erreurs
708 274 796 325 deja
819 278 1067 325 reprouvees
1090 290 1162 325 par
1181 276 1366 325 l'Eglise.
1394 278 1423 314 ΙΙ
1446 293 1494 315 en
1516 293 1615 316 con-

135 339 279 375 damne
310 336 467 374 ensuite
496 337 555 374 les
586 336 772 374 diverses
804 337 1100 387 propositions‚
1134 338 1243 374 aussi
1274 339 1365 374 bien
1398 341 1498 377 dans
1529 341 1616 377 leur

136 412 232 437 sens
258 398 413 435 naturel
437 412 513 449 que
535 398 635 435 dans
663 398 752 435 leur
776 398 974 435 intention
999 406 1037 435 et
1061 399 1095 434 la
1121 398 1266 436 liaison
1292 401 1340 436 de
1366 400 1474 438 leurs
1501 403 1616 452 prin-

136 461 261 512 cipes.
1548 459 1553 464 ’

373 538 678 578 (Procris-verbalis
695 537 753 567 des
772 537 977 567 Assemblc‘es
998 539 1078 568 Ge'n.
1100 539 1145 567 du
1165 539 1291 580 ClergA,
1311 544 1331 569 t.
1351 540 1402 577 VI,
1420 552 1453 581 p.
1473 541 1557 583 174.)

466 651 909 692 INNOCENTIUS
971 651 1137 692 PAPA
1198 652 1288 692 XII

529 734 581 758 AD
616 734 861 759 PERPETUAM
898 734 963 758 11131
1000 734 1227 759 MEMORIAM

197 813 305 854 Cum
333 811 441 852 alias
471 811 525 852 ad
552 811 837 867 Apostolatus
868 812 1008 852 nostri
1037 812 1237 853 notitiam
1269 814 1542 868 pervenerit,
1575 814 1620 856 in

136 880 279 920 lucem
307 878 527 935 prodiisse
553 879 716 920 librum
745 879 979 935 quemdam
1002 879 1172 920 Gallico
1200 879 1408 921 idiomate
1435 881 1617 932 editum,

139 946 208 988 cui
234 946 388 987 titulus
417 963 424 986 :
453 946 733 1004 Explication
759 948 833 987 cles
860 947 1077 987 Mammas
1099 948 1172 987 cles
1199 949 1347 988 Saints
1371 965 1449 988 sar
1473 949 1517 989 la
1552 949 1622 990 Vz'e

139 1014 399 1065 interient-e,-
442 1029 534 1070 pat·
583 1014 765 1054 AIessire
808 1014 1022 1068 Franfois
1076 1015 1126 1054 de
1172 1015 1617 1071 Salzgnae-Fe'nelon‚

139 1081 417 1138 Archeve‘que
448 1082 541 1121 Duc
575 1081 625 1121 de
661 1081 885 1130 Cambrai,
922 1081 1186 1137 Pre'eeptaeur
1219 1083 1270 1122 da
1301 1083 1621 1139 sllessezgnem·s

139 1149 200 1189 les
225 1149 340 1189 Duos
360 1149 411 1188 cle
433 1148 712 1205 Bourgogne‚
740 1146 929 1203 d'Anjou
956 1157 993 1188 ec
1019 1149 1069 1188 de
1092 1149 1251 1203 Ber-ry.
1279 1148 1315 1189 Α
1344 1150 1492 1199 Paris,
1521 1150 1621 1190 elle:

139 1216 292 1257 Pierre
323 1213 543 1265 Aubouin,
576 1215 730 1255 Pierre
760 1216 923 1270 Emery
953 1225 992 1255 ec
1024 1216 1206 1256 Clearl'es‘
1239 1216 1450 1265 Clozzsiet·⁹
1485 1216 1619 1266 1697;

140 1283 298 1342 ingens
325 1298 428 1323 vero
458 1282 645 1323 subinde
672 1282 724 1322 de
750 1298 837 1323 non
867 1298 971 1323 sana
1000 1282 1118 1322 Libri
1142 1283 1395 1339 hujusmodi
1424 1283 1625 1324 doctrina

142 1350 355 1392 excitatus
374 1349 418 1390 in
437 1349 594 1390 Galliis
616 1365 765 1390 rumor
787 1349 896 1390 adeo
915 1350 1237 1406 percrebuerit,
1263 1360 1308 1391 ut
1330 1360 1623 1407 opportunam

141 1417 381 1458 Pastoralis
416 1416 655 1475 vigilantiae
686 1426 846 1457 nostra>
877 1433 1006 1473 opem
1035 1416 1356 1475 efflagitaverit.
1388 1419 1475 1459 Nos
1504 1434 1625 1458 eum-

142 1484 242 1526 dem
275 1484 456 1525 Librum
490 1484 715 1525 nonnullis
747 1501 800 1525 ex
828 1485 1170 1525 Venerabilibus
1200 1485 1430 1526 Fratribus
1463 1485 1626 1526 nostris

145 1553 190 1594 S.
220 1553 274 1593 R.
304 1553 354 1593 E.
387 1551 715 1602 Cardinalibus,
747 1552 932 1608 aliisque
961 1552 1005 1592 in
1036 1553 1169 1593 Sacra
1195 1553 1438 1611 Theologia
1462 1553 1627 1612 Magis-

139 1619 239 1670 tris,
270 1628 454 1669 mature,
479 1628 525 1660 ut
551 1619 613 1659 rei
640 1619 830 1678 gravitas
854 1619 1077 1675 postulare
1101 1619 1348 1669 videbatur,
1375 1620 1627 1661 examinan-

144 1687 247 1728 dum
273 1687 588 1728 commisimus.
618 1688 756 1727 Porro
782 1687 850 1737 hi,
877 1687 1093 1728 mandatis
1119 1688 1282 1728 nostris
1312 1689 1625 1744 obsequentes,

143 1764 377 1812 postquam
403 1755 447 1795 in
473 1755 811 1811 quamplurimis
837 1755 1271 1814 Congregationibus
1293 1756 1433 1796 varias
1459 1757 1629 1812 Propo-

146 1821 329 1863 sitiones
366 1838 418 1863 ex
453 1822 607 1863 eodem
648 1822 781 1863 Libro
822 1832 1051 1878 excerptas
1088 1822 1297 1863 diuturno
1337 1832 1628 1879 accuratoque

146 1889 344 1931 examine
373 1889 690 1940 discusserant‚
721 1890 827 1946 quid
857 1906 989 1946 super
1015 1906 1163 1930 earum
1192 1890 1379 1948 singulis
1406 1891 1489 1930 sibi
1513 1890 1630 1931 vide-

147 1967 284 2008 retur,
319 1967 406 1999 tam
439 1973 544 1998 voce
579 1974 708 2014 quam
743 1958 909 2013 scripto
943 1958 1071 1998 nobis
1106 1966 1420 2014 exposuerunt.
1456 1957 1631 1999 Auditis

147 2025 282 2084 igitur
313 2025 358 2066 in
392 2025 594 2081 pluribus
627 2025 780 2066 itidem
816 2041 959 2065 coram
996 2025 1124 2066 nobis
1159 2025 1350 2081 desuper
1381 2025 1488 2066 actis
1521 2026 1631 2065 Con-

149 2092 483 2152 gregationibus
506 2103 847 2134 memoratorum
871 2092 1189 2141 Cardinalium,
1212 2102 1253 2133 et
1274 2093 1317 2133 in
1341 2094 1473 2133 Sacra
1495 2093 1632 2133 Theo-

149 2160 268 2219 logia
302 2160 617 2219 Magistrorum
658 2160 912 2209 sententiis,
955 2160 1175 2200 Dominiei
1221 2161 1370 2218 gregis
1410 2159 1537 2200 nobis
1581 2160 1633 2199 ab

151 2237 314 2269 aeterno
351 2229 532 2268 Pastore
574 2227 731 2268 crediti
768 2228 995 2284 perieulis,
1039 2236 1250 2284 quantum
1288 2227 1416 2268 nobis
1457 2243 1508 2267 ex
1548 2226 1634 2266 alto

152 2294 426 2346 conceditur,
457 2310 689 2336 occurrere
716 2295 961 2351 cupientes,
991 2304 1109 2335 motu
1136 2294 1334 2350 proprio,
1366 2310 1413 2334 ac
1442 2310 1493 2334 ex
1518 2302 1635 2334 certa

154 2361 337 2402 scientia
365 2371 406 2402 et
435 2371 603 2403 matura
631 2362 951 2403 deliberatione
980 2362 1168 2407 Nostris,
1200 2362 1342 2417 deque
1370 2360 1635 2417 Apostolicae

153 2429 384 2485 potestatis
420 2429 714 2485 plenitudine,
757 2429 937 2470 Librum
979 2429 1238 2485 pra-dictum
1275 2429 1558 2483 ubicumque,
1595 2437 1636 2468 et

155 2511 432 2553 quocumque
453 2496 537 2537 alio
556 2496 764 2538 idiomate
781 2498 809 2547 Ῑ,
836 2513 910 2537 seu
932 2497 1083 2552 quavis
1107 2496 1318 2545 editione,
1341 2505 1413 2536 aut
1434 2494 1635 2534 versione

197 2615 226 2645 1.
251 2616 399 2646 Fenelon
417 2616 511 2646 avait
527 2616 695 2646 demande
714 2627 757 2646 au
775 2617 866 2656 Pape
886 2616 1040 2656 dcjuger
1057 2626 1117 2645 son
1139 2615 1224 2645 livre
1245 2626 1304 2644 sur
1321 2616 1352 2644 le
1370 2618 1458 2644 texte
1476 2613 1573 2643 latin.
1594 2613 1637 2642 Le

155 2655 234 2686 bref
247 2657 436 2687 condamne
455 2658 550 2687 aussi
569 2658 646 2688 bien
663 2657 837 2697 Poriginal
856 2667 920 2697 que
938 2658 971 2686 la
989 2656 1196 2686 traduction.

245 2715 384 2741 Mem-lom.
399 2731 433 2736 —-
446 2717 574 2750 Rapports
588 2716 619 2741 du
637 2715 726 2749 Cler‘ge'
739 2725 796 2741 aveo
812 2717 835 2741 la
851 2717 976 2749 Royaute.
1538 2712 1569 2736 ¹0
