1839 3049
180 213 237 242 166
658 212 711 241 LE
729 202 998 241 JANSENJSME
1018 211 1071 241 EN
1091 211 1169 241 1705

179 292 387 342 Quartam
419 306 425 329 :
460 287 803 345 Semipelagiani
829 287 1118 328 admittebant
1152 288 1460 344 praevenientis
1492 291 1652 331 Gratiae

178 357 402 397 interioris
431 355 736 397 necessitatem
765 354 817 395 ad
847 354 1044 411 singulos
1075 365 1211 399 actus,
1241 355 1369 396 etiam
1398 356 1451 396 ad
1480 356 1651 398 initium

177 423 318 472 Fidei,
345 433 383 464 et
416 423 458 463 in
487 424 569 463 hoc
602 432 723 462 erant
753 421 964 467 haeretici,
990 422 1107 478 quod
1140 422 1301 462 vellent¹
1333 438 1425 463 eam
1458 423 1652 464 Gratiam

178 491 307 531 talem
330 507 442 537 esse,
468 491 535 531 cui
559 499 707 546 posset
726 490 914 529 humana
935 489 1134 530 voluntas
1154 489 1376 539 resistere,
1400 490 1466 530 vel
1490 491 1653 531 obtem-

178 574 348 614 perare.
377 558 547 598 Falsam
574 566 615 597 et
639 556 888 596 hoercticam
912 556 1200 607 declaramus,
1230 565 1269 596 et
1296 556 1357 597 uti
1380 557 1510 598 talem
1534 557 1654 598 dam-

179 641 346 665 namus.
386 625 591 676 Quintam
630 641 636 663 :
681 623 1083 679 Semipelagianum
1120 633 1184 664 est
1221 623 1390 673 dicere,
1431 624 1654 665 Christum

179 708 259 748 pro
284 692 487 732 omnibus
516 691 694 731 omnino
722 690 976 730 hominibus
1006 700 1222 731 mortuum
1250 707 1361 741 esse,
1390 701 1459 732 aut
1483 691 1655 749 sangui-

180 776 277 800 nem
306 759 468 799 fudisse
495 775 501 798 :
532 758 698 801 falsam,
726 757 1019 802 temerariam,
1049 757 1367 807 scandalosam,
1396 767 1437 798 et
1462 758 1656 799 intellec-

180 837 266 868 tam
295 842 344 866 co
372 842 518 871 sensu,
544 834 589 865 ut
615 825 816 865 Christus
846 841 925 880 pro
957 825 1093 865 salute
1120 824 1343 866 dumtaxat
1370 825 1657 881 praedestina-

179 905 323 936 torum
354 901 550 933 mortuus
580 891 659 939 sit3
693 891 887 947 impiam,
922 892 1240 947 blasphemam,
1276 892 1654 942 contumeliosam,

180 961 346 1003 Divina*
370 959 521 1015 pietati
549 958 851 1015 derogantem,
878 967 918 999 et
944 958 1193 999 hzereticam
1219 958 1508 1010 declaramus,
1530 968 1572 1000 et
1595 959 1657 1000 uti

180 1029 311 1071 talem
342 1027 613 1067 damnamus.

239 1094 499 1136 Mandamus
546 1093 680 1151 igitur
723 1092 927 1133 omnibus
974 1092 1139 1133 Christi
1180 1093 1384 1133 fidelibus
1430 1093 1658 1149 utriusque

183 1179 327 1211 sexus,
347 1177 399 1201 ne
420 1160 472 1200 de
493 1160 621 1200 dictis
641 1160 1021 1215 propositionibus
1041 1160 1221 1210 sentire,
1244 1160 1419 1210 docere,
1439 1176 1486 1201 ac
1505 1160 1659 1217 pra‘di-

182 1246 280 1271 care
310 1228 435 1269 aliter
460 1236 741 1283 praesumant,
774 1243 902 1282 quam
931 1227 974 1267 in
1003 1227 1083 1267 hac
1112 1227 1318 1283 praesenti
1346 1237 1495 1269 nostra
1520 1227 1660 1268 decla·

183 1297 368 1345 ratione,
407 1305 447 1336 et
481 1294 736 1335 definitione
769 1295 1066 1344 continentur,
1102 1296 1181 1335 sub
1215 1295 1413 1335 censuris
1445 1305 1486 1336 et
1520 1295 1661 1351 poenis

184 1373 336 1406 contra
363 1362 609 1411 haereticos,
636 1371 677 1402 et
705 1378 853 1402 eorum
880 1362 1071 1402 fautores
1098 1362 1140 1402 in
1162 1364 1259 1418 jure
1286 1362 1522 1418 expressis.
1551 1363 1661 1403 Prae-

184 1432 370 1488 cipimus
406 1429 570 1485 pariter
600 1429 804 1469 omnibus
838 1429 1122 1475 patriarchis,
1151 1429 1528 1485 Archiepiscopis,
1556 1428 1662 1485 Epi-

186 1498 347 1554 scopis‚
373 1497 557 1552 aliisque
585 1496 782 1536 locorum
811 1496 1075 1543 ordinariis,
1100 1512 1178 1536 nec
1208 1512 1292 1537 non
1322 1496 1537 1537 haeretica?
1562 1512 1663 1552 pra-

183 1565 329 1607 vitatis
362 1562 721 1619 Inquisitoribus,
757 1573 800 1603 ut
834 1563 1194 1604 C‹›ntradi‹·t‹n·es
1232 1573 1270 1603 et
1306 1563 1495 1603 rebelles
1531 1578 1663 1619 quos-

185 1647 370 1688 cumque
402 1646 480 1686 per
512 1646 718 1670 censuras
750 1639 789 1670 et
824 1646 967 1685 pwnas
1004 1630 1252 1685 przrdictas,
1281 1639 1523 1686 caeteraque
1551 1629 1663 1686 juris

187 1709 227 1740 et
257 1698 353 1739 sacti
381 1697 574 1738 remedia
602 1706 866 1752 opportuna,
896 1696 1094 1737 invocato
1124 1697 1253 1737 etiam
1282 1697 1335 1737 ad
1362 1697 1462 1745 hoc,
1494 1696 1528 1736 si
1554 1712 1664 1752 opus

187 1765 333 1812 fuerit,
359 1764 519 1805 auxilio
545 1763 714 1804 brachii
740 1763 976 1812 saecularis,
1002 1763 1180 1803 omnino
1204 1773 1452 1809 coerceant,
1478 1772 1519 1804 ct
1546 1779 1665 1804 com-

187 1842 383 1889 pescant.

245 1901 332 1941 Nos
365 1898 644 1939 intendentes
680 1907 823 1938 tamen
858 1914 935 1954 per
971 1899 1081 1938 hanc
1111 1898 1452 1938 declarationem
1487 1907 1529 1939 et
1557 1897 1666 1938 defi-

187 1967 400 2007 nitionem
432 1981 563 2020 super
596 1965 818 2020 praedictis
851 1965 1044 2021 quinque
1076 1965 1456 2020 propositionibus
1491 1965 1663 2013 factam,

188 2034 432 2090 approbare
473 2032 692 2072 ullatenus
738 2033 841 2072 alias
892 2032 1123 2087 opiniones
1165 2048 1259 2088 quae
1302 2032 1584 2073 continentur
1622 2031 1666 2071 in

189 2100 399 2157 praedicto
452 2099 565 2139 libro
622 2099 815 2139 Cornelii
868 2099 1077 2139 Janscnii.
1140 2101 1297 2139 Datum
1352 2100 1500 2139 Roma·
1552 2098 1667 2154 apud

192 2170 395 2208 Sanctam
431 2166 611 2206 Mariam
650 2167 878 2221 Majorem,
912 2166 1039 2207 Anno
1078 2166 1395 2206 Incarnationis
1428 2165 1668 2206 Dominicae

191 2234 424 2274 millesimo
456 2233 774 2274 sexcentesimo
810 2232 1187 2289 quinquagesimo
1210 2234 1356 2278 tertio,
1394 2233 1536 2289 pridie
1568 2232 1664 2273 Kal.

190 2301 323 2345 Junii,
356 2301 640 2341 Pontificatus
668 2300 812 2341 Nostri
844 2317 956 2340 anno
985 2317 1113 2340 nono.

250 2370 357 2409 Cum
399 2378 557 2418 autem,
599 2368 707 2408 sicut
750 2368 1014 2423 accepimus,
1053 2368 1251 2408 nonnulli
1288 2367 1531 2423 iniquitatis
1568 2366 1667 2408 Filii

192 2435 423 2491 praedictas
447 2435 639 2491 quinque
663 2434 1006 2490 propositiones,
1030 2435 1094 2474 vel
1121 2435 1161 2475 in
1186 2435 1300 2474 libro
1324 2433 1532 2490 prwdicto
1552 2435 1668 2489 ejus-

193 2501 290 2541 dcm
317 2501 510 2541 Cornelii
532 2501 725 2541 Jansenii
746 2517 829 2541 non
856 2501 1056 2556 reperiri,
1083 2501 1158 2541 sed
1182 2502 1297 2544 ficte,
1319 2510 1358 2540 et
1384 2516 1463 2556 pro
1486 2499 1668 2540 arbitrio

193 2568 458 2623 compositas
490 2585 601 2612 esse,
639 2568 702 2607 vel
739 2568 778 2607 in
816 2585 943 2607 sensu
975 2569 1027 2607 al)
1061 2568 1211 2607 eodem
1243 2567 1410 2607 intento
1444 2566 1668 2606 damnatas

194 2634 343 2680 fuisse,
376 2635 574 2679 ass'erere,
606 2652 761 2692 niagno
790 2652 885 2675 cum
916 2634 1078 2675 Christi
1110 2635 1303 2674 fidelium
1332 2633 1553 2678 scandalo,
1583 2648 1667 2673 non

195 2701 482 2742 reformident
509 2719 514 2741 z

1803 463 1815 471 ··
1799 331 1829 439 ww
1782 0 1834 315 3:⁴”3'33‘42‘m

1803 2533 1839 3049 wtss-atyssimssuhm
1817 2501 1836 2524 r·
1819 2475 1821 2478 ·
1823 2460 1825 2463 —
1811 2423 1834 2448 (⁸.
1823 2392 1825 2394 ν
