1839 3049
198 163 235 192 72
629 161 849 193 L'AFFAIRE
871 162 951 192 DES
976 162 1242 193 FRANCHISES

199 238 459 296 fugientium
486 239 775 280 temeritatem
802 239 846 279 in
873 247 1041 280 tantum
1066 240 1324 291 excrevisse,
1351 248 1399 281 ut
1424 256 1511 281 non
1536 240 1674 282 solum

200 322 245 347 se
277 305 319 346 in
353 305 483 347 dictis
523 306 628 347 locis
666 306 877 363 recipere,
919 306 995 347 sed
1035 306 1164 347 etiam
1210 306 1280 347 illa
1322 306 1454 348 veluti
1492 306 1675 349 Justitiae

200 372 376 414 minime
398 373 610 429 subjecta,
632 372 904 414 Franchitias
929 373 1150 430 appellare
1174 390 1260 415 non
1282 375 1560 425 erubescant,
1584 383 1675 416 tan-

201 457 329 498 quam
352 439 393 481 in
417 440 625 498 praedicta
647 441 764 482 Urbe
789 441 831 481 in
857 457 939 497 qua
967 442 1170 482 Summus
1198 440 1398 482 Pontifex
1422 458 1518 483 cum
1543 443 1677 484 Sacro

201 507 497 550 Cardinalium
520 507 718 565 Collegio
737 508 901 549 residet
923 517 964 549 et
983 517 1029 549 ut
1050 508 1215 550 Christi
1234 509 1430 552 Vicarios
1452 518 1544 551 toto
1567 509 1678 551 Orbi

201 575 446 632 exemplum
483 576 666 617 Justitiae
703 577 899 632 praebere
936 576 1083 628 debet,
1120 576 1285 633 asylum
1324 585 1367 618 et
1404 577 1676 634 receptacula

202 643 553 701 delinquentium
579 659 626 684 ac
653 643 742 684 suis
771 642 932 685 debitis
957 643 1206 685 satisfacere
1237 645 1531 686 recusantium
1564 661 1676 696 esse,

201 711 428 761 toleretur,
467 727 608 767 neque
640 712 838 752 executio
874 711 1056 752 Justitiae
1086 711 1224 752 libere
1259 711 1349 753 fieri
1386 713 1540 754 valeat.
1574 714 1680 755 Rem

203 778 378 835 quidem
406 778 601 836 pessimi,
637 778 851 836 valdeque
883 778 1118 836 perniciosi
1151 780 1354 836 exempli,
1386 796 1479 837 quae
1510 796 1597 821 non
1627 780 1681 821 ab

202 847 309 903 ipsis
332 846 639 888 Cardinalibus
667 854 710 887 et
734 846 991 888 Oratoribus
1019 855 1168 904 utpote
1191 847 1399 888 modestis
1427 856 1469 888 et
1497 847 1680 889 Justitiae

204 914 456 956 Cultoribus
473 914 550 956 sed
568 914 827 972 plerumque
848 914 1043 972 ipsorum
1064 914 1338 956 familiarium
1360 915 1488 972 culpa
1507 924 1548 957 et
1569 915 1682 957 facto

206 990 438 1039 processnt.

262 1052 350 1092 Nos
377 1050 573 1091 volentes
603 1058 691 1091 tam
717 1066 917 1091 enormes
948 1058 990 1091 et
1015 1050 1296 1091 detestandos
1322 1051 1482 1092 abusus
1507 1050 1683 1108 penitus

205 1118 359 1159 tollere
392 1125 526 1174 utque
560 1117 705 1158 nullus
740 1118 954 1175 improbis
984 1126 1103 1160 tutus
1135 1118 1256 1159 locus
1286 1118 1430 1170 detur,
1466 1118 1543 1159 sed
1573 1119 1685 1159 Exe-

206 1194 377 1228 cutores
400 1184 583 1227 Justitiae
607 1185 768 1242 passim
790 1194 832 1226 et
852 1186 927 1226 ubi
949 1202 1096 1227 eorum
1121 1185 1312 1227 officium
1334 1185 1470 1227 libere
1490 1195 1532 1227 et
1555 1186 1684 1227 intre-

208 1254 310 1311 pide
344 1253 499 1310 exequi
529 1253 701 1294 valeant
738 1254 970 1310 providere
1002 1271 1009 1294 :
1044 1255 1165 1295 Motu
1193 1254 1372 1311 proprio
1409 1270 1455 1294 ac
1489 1270 1540 1294 ex
1568 1261 1686 1294 certa

207 1322 405 1372 scientia,
435 1338 482 1362 ac
508 1322 560 1363 de
585 1322 849 1379 Apostolicae
880 1322 1110 1379 potestatis
1139 1321 1432 1379 plenitudine,
1460 1338 1612 1363 omnes
1642 1322 1686 1362 in

207 1389 360 1447 primis
397 1389 745 1431 Constitutiones
788 1389 900 1431 circa
940 1389 1162 1447 praemissa
1200 1399 1286 1430 tam
1322 1406 1399 1447 per
1431 1390 1687 1447 praedictun1

207 1459 367 1500 Julium
403 1474 530 1514 quam
571 1474 869 1515 quoscumque
904 1458 1011 1499 alios
1051 1458 1304 1508 Pontifices,
1338 1459 1687 1515 praedecessores

208 1535 381 1568 nostros
413 1526 568 1576 editas,
599 1542 695 1567 curn
718 1525 921 1566 omnibus
954 1533 996 1566 ct
1024 1525 1208 1583 singulis
1247 1526 1446 1567 censuris
1478 1534 1521 1567 et
1547 1525 1688 1583 poenis

209 1595 250 1636 in
283 1594 344 1636 eis
375 1594 593 1651 contentis
627 1595 922 1651 approbantes
955 1601 997 1634 et
1030 1594 1305 1645 innovantes,
1338 1595 1419 1635 hac
1451 1593 1494 1634 in
1531 1609 1689 1651 perpe-

210 1672 329 1704 tuum
359 1663 541 1703 valitura
571 1662 897 1703 Constitutione
934 1662 1152 1702 sancimus
1193 1670 1237 1702 ut
1270 1661 1414 1702 nullus
1450 1661 1502 1703 de
1533 1669 1689 1702 caetero

210 1732 522 1788 cujuscumque
559 1731 615 1771 sit
651 1729 879 1788 dignitatis
915 1738 957 1771 et
994 1730 1334 1786 proeeminentiae
1370 1730 1450 1771 sub
1487 1729 1689 1787 indigna-

209 1798 340 1840 tionis
369 1807 528 1839 nostroe
561 1807 604 1839 et
630 1798 725 1839 aliis
754 1798 924 1839 arbitrii
953 1797 1092 1838 nostri
1120 1798 1261 1854 poenis
1295 1797 1408 1838 aedes
1439 1797 1687 1854 praedictas,

211 1875 282 1907 aut
305 1865 386 1907 alia
414 1882 698 1923 quaecumque
723 1866 814 1907 loca
837 1864 1112 1907 Franehitias
1142 1865 1363 1922 appellare
1389 1865 1568 1916 audeat,
1599 1864 1692 1906 nul-

210 1934 328 1991 lique
353 1934 650 1975 Cardinalium
669 1943 712 1975 et
734 1936 967 1975 Oratorum
992 1949 1040 1974 ac
1064 1935 1316 1990 Magnatum
1337 1932 1506 1974 etiamsi
1534 1931 1689 1983 nostri,

213 2019 286 2043 seu
310 2002 493 2044 Romani
518 2001 743 2043 Pontificis
769 2018 848 2059 pro
874 2010 1072 2059 tempore
1095 2001 1334 2042 secundum
1356 2017 1529 2042 carnem
1551 2002 1693 2058 Nepo-

211 2079 277 2111 tes
299 2079 370 2111 aut
393 2070 477 2111 alio
504 2069 906 2127 Consanguinitatis
931 2086 1006 2110 seu
1028 2068 1250 2110 affinitatis
1272 2068 1446 2110 vinculo
1471 2068 1692 2125 conjuncti

213 2138 390 2190 fuerint,
415 2139 647 2179 familiares
674 2147 745 2179 aut
770 2139 874 2179 alias
897 2137 940 2178 in
966 2141 1161 2195 ipsorum
1185 2138 1398 2178 Domibus
1422 2153 1693 2178 commoran-

214 2215 277 2247 tes
297 2206 626 2256 condemnatos,
644 2214 715 2247 aut
734 2222 812 2262 pro
826 2205 988 2247 debitis
1008 2206 1221 2246 obnoxios
1240 2207 1403 2261 (contra
1424 2221 1533 2262 quos
1548 2214 1694 2246 tamen

215 2274 416 2315 mandata
460 2274 682 2315 executiva
725 2273 778 2314 ad
825 2274 1075 2314 instantiam
1120 2273 1396 2314 Creditorum
1439 2273 1613 2314 decreta
1653 2281 1695 2314 et

217 2342 403 2383 relaxata
429 2342 690 2398 exstiterint)
718 2350 761 2382 ut
784 2357 858 2382 cos
881 2357 902 2382 a
926 2342 1124 2382 manibus
1151 2341 1290 2382 Curia*
1316 2340 1523 2391 eximant,
1542 2356 1695 2398 recep-

216 2419 324 2461 tare,
347 2411 413 2451 vel
442 2410 546 2451 alias
573 2410 652 2451 sub
677 2409 838 2450 affertae
861 2408 1122 2450 Franchitiae
1152 2417 1363 2466 praetextu
1393 2417 1565 2450 secutos
1597 2408 1696 2449 red-

217 2478 335 2527 dere,
360 2478 424 2518 vel
447 2479 712 2518 Executorcs
738 2476 938 2527 Justitizr,
958 2477 1191 2533 quominus
1214 2492 1363 2517 corum
1385 2475 1575 2517 officium
1596 2491 1694 2517 con-

217 2554 281 2586 tra
306 2546 402 2586 illos
425 2545 552 2586 ctiam
584 2546 624 2585 in
649 2545 862 2586 Domibus
888 2553 930 2586 et
956 2544 1063 2585 locis
1089 2544 1410 2585 circumvicinis
1441 2543 1606 2585 directe
1629 2543 1695 2584 vel

219 2613 432 2654 indirecte
475 2613 687 2669 impedire
729 2622 1009 2669 praesumant.
1052 2612 1260 2669 Alioquin
1306 2620 1582 2668 receptantes
1625 2619 1697 2652 aut

220 2681 494 2722 securitatem
522 2689 795 2738 pra-stantes,
821 2696 895 2722 seu
921 2679 1049 2722 etiam
1082 2682 1344 2721 Exccutorcs
1376 2678 1558 2721 Justitiae
1587 2694 1696 2735 quo-
