1839 3049
534 196 646 230 BREF
671 198 729 229 DU
754 199 862 230 PAPE
889 199 1108 231 lNNOCENT
1132 202 1172 230 xi
1554 205 1591 233 423

107 286 180 319 aut
201 276 499 318 declaratione
526 292 610 317 non
636 286 832 333 egerent.
867 278 1103 334 Spei-amus
1131 286 1272 318 tamen
1301 295 1373 317 vos
1399 294 1588 334 quoque,

107 361 151 386 re
177 345 332 385 melius
357 343 648 393 considerata,
675 344 805 384 celeri
834 345 1143 385 retractatione
1169 345 1446 385 consulturos
1469 362 1590 385 eous-

106 412 277 453 cientiae
317 419 471 452 vestrae
488 444 496 459 ‚
542 419 584 451 et
624 410 740 452 Cleri
774 411 991 453 Gallicani
1029 411 1357 452 existimationi.
1406 414 1465 452 Ex
1507 428 1591 468 quo

106 479 251 530 Clero‚
272 478 401 519 sicuti
416 478 500 519 hue
515 494 652 535 usque
670 494 758 518 non
775 478 970 527 defuere,
993 478 1053 518 ita
1070 479 1110 518 in
1129 487 1353 535 posterum
1372 496 1455 518 nou
1472 479 1590 519 ‹lel'u-

106 555 228 587 turos
253 544 530 599 confidimus,
564 545 638 602 qui
677 544 780 586 boni
814 546 1006 586 Pastoris
1044 545 1244 601 exemplo
1285 544 1474 586 libenter
1504 544 1590 586 ani-

106 627 216 652 mam
243 627 406 667 ponere
431 609 570 667 parati
602 610 704 660 sint,
736 626 816 667 pro
842 609 996 651 ovibus
1025 610 1113 650 suis
1149 619 1190 651 et
1216 627 1293 667 pro
1330 619 1591 651 testamento

104 686 276 735 patrum
300 694 493 719 suorum.
518 679 606 719 Nos
635 677 813 734 quidem
834 694 914 734 pro
939 676 1071 718 offleii
1096 679 1234 717 nostri
1258 678 1424 722 debito,
1453 678 1590 733 parati

104 761 253 786 sumus
287 745 369 786 Dei
403 745 615 801 adjutrice
648 744 789 803 gratia
824 745 1070 785 sacrificare
1101 744 1362 785 sacrificinm
1391 746 1588 799 justitiae,

103 824 146 856 et
182 815 387 857 Ecclesiae
413 815 494 856 Dei
523 816 637 871 jura,
667 832 713 856 ae
739 815 1004 865 libertatem,
1034 824 1076 856 et
1106 816 1236 871 hujus
1270 823 1428 855 sancta¹
1462 815 1590 856 Sedis

103 883 405 924 auctoritatem
436 883 788 941 dignitatemque
818 883 1072 924 defendere.
1104 883 1226 926 Nihil
1259 882 1311 923 de
1338 882 1481 932 nobis,
1514 882 1590 923 sed

103 953 247 994 omnia
268 953 322 994 de
351 970 402 994 eo
434 962 750 1010 prsesumentes
781 955 855 1010 qui
886 970 965 994 nos
995 954 1211 994 confortat
1236 962 1279 994 et
1310 962 1517 1009 operatur
1546 954 1589 994 in

101 1021 228 1062 nobis
250 1029 292 1062 et
319 1021 394 1078 qui
413 1021 546 1076 jussit
574 1023 753 1062 Petrum
785 1037 917 1077 super
945 1037 1078 1077 aquas
1108 1021 1160 1061 ad
1194 1037 1238 1061 se
1276 1020 1439 1061 venire.
1474 1022 1589 1061 Prie-

101 1085 205 1126 terit
225 1084 341 1126 enim
368 1085 506 1142 figura
529 1085 656 1141 hujus
675 1085 842 1135 mundi,
868 1094 909 1126 et
934 1086 1027 1126 dies
1050 1085 1224 1126 Domini
1243 1086 1584 1141 appropinquat.

161 1150 234 1194 Sic
255 1168 361 1210 ergo
390 1167 585 1210 agamus,
618 1152 894 1194 venerabiles
923 1154 1098 1194 Fratres
1128 1169 1175 1193 ac
1205 1151 1355 1192 dilecti
1386 1152 1506 1202 Filii,
1543 1160 1590 1192 ut

102 1233 198 1260 cum
228 1234 422 1260 summus
451 1219 785 1270 Paterfamilias,
816 1228 859 1261 et
887 1220 1097 1277 Princeps
1122 1222 1350 1261 Pastorum
1376 1219 1587 1259 rationem

100 1302 264 1344 ponere
293 1287 480 1328 voluerit
507 1303 605 1329 eum
628 1287 763 1328 servis
788 1288 894 1337 suis,
928 1287 1188 1345 sanguinem
1220 1287 1509 1344 pessumdatae
1541 1301 1587 1327 ae

100 1352 298 1396 laceratae
328 1355 550 1405 Eeclesiae,
582 1371 712 1413 quam
737 1371 814 1397 sno
843 1355 1088 1413 aequisivit,
1115 1355 1167 1396 de
1194 1355 1355 1395 nostris
1388 1355 1586 1395 manibus

101 1437 187 1463 non
210 1420 421 1479 requirat.

157 1489 293 1532 Vobis
330 1488 507 1532 interim
546 1491 750 1532 omnibus
790 1491 1089 1548 Apostolieam
1120 1490 1477 1531 benedictionem
1517 1488 1585 1529 eui

101 1565 322 1607 coelestem
353 1567 562 1608 accedere
584 1576 800 1625 optamus,
831 1567 1006 1608 interno
1036 1567 1207 1624 paterni
1231 1567 1390 1607 amoris
1428 1565 1583 1606 affeetu

100 1633 392 1690 impertimur.

159 1703 317 1742 Datum
354 1703 515 1753 Romse,
540 1703 654 1759 apud
681 1711 881 1743 sanetum
907 1705 1101 1753 Petrum,
1133 1703 1213 1743 sub
1249 1702 1409 1742 annulo
1435 1701 1584 1743 Pisca-

99 1769 224 1820 toris,
253 1768 323 1810 die
347 1771 383 1811 II
408 1769 572 1827 Aprilis
598 1769 725 1821 1682,
750 1770 1036 1812 Pontificatus
1058 1769 1195 1810 nostri
1219 1786 1330 1810 anno
1353 1778 1489 1809 sexto.

956 1898 1119 1940 Marius
1152 1900 1353 1941 SPINULA.

159 2062 217 2101 Et
244 2077 322 2102 sur
351 2061 389 2102 le
417 2063 531 2119 replz'
557 2078 564 2102 :
600 2062 939 2104 Venerabilibus
963 2062 1191 2104 Fratribus
1224 2061 1581 2118 Archiepiseopis

102 2136 144 2168 et
164 2128 395 2185 Episcopis
418 2143 466 2170 ae
488 2129 663 2170 dilectis
683 2130 782 2170 filiis
803 2130 898 2170 aliis
921 2129 1242 2171 Ecclesiastieis
1264 2130 1382 2179 viris,
1407 2129 1581 2169 nomine

103 2197 219 2239 Cleri
243 2198 476 2250 Gallicani,
504 2198 683 2241 Parisiis
705 2200 998 2257 congregatis.
