1839 3049
199 201 238 231 42
333 200 384 230 LA
408 190 589 231 RIJJGALE.
615 218 650 223 -
680 200 756 230 Les
780 190 992 230 Lissassras
1017 199 1070 229 Da
1096 190 1288 230 L'iicmsn
1313 199 1553 231 GALLICANE

202 276 483 325 decedentes,
514 276 622 317 illud
656 276 699 316 in
724 278 889 333 Regem
919 276 1182 326 contulisse3
1209 276 1331 332 quasi
1364 277 1677 329 Eeclesiarum,

202 360 296 400 quae
318 359 430 384 curae
452 353 604 384 vestrfe
623 343 799 384 credita*
819 344 950 392 fuere,
973 343 1129 384 essetis
1152 342 1323 393 arbitri,
1345 359 1430 384 non
1453 343 1683 395 custodes;

203 419 246 451 et
271 411 394 466 quasi
417 410 620 451 Ecclesiae
644 410 746 466 ipsze
772 419 813 451 et
841 410 1083 466 spiritualia
1110 425 1256 450 carum
1274 412 1370 466 jura
1397 419 1577 466 possent
1601 412 1682 452 sub

202 477 431 534 potestatis
461 477 678 518 srecularis
711 479 863 532 jugum
904 477 1017 517 mitti
1049 477 1101 516 ab
1139 476 1384 533 Episcopis,
1424 477 1498 534 qui
1531 493 1576 518 se
1608 494 1687 535 pro

202 560 348 585 earum
377 545 578 585 libertate
606 545 647 585 in
672 543 922 584 servitutem
948 544 1051 584 dare
1081 543 1308 585 deberent.
1349 546 1436 586 Vos
1470 560 1572 585 sane
1602 544 1689 602 ipsi

203 612 314 652 hanc
337 611 563 652 veritatem
600 610 838 667 agnovistis
867 619 909 651 et
937 611 1126 651 confessi
1165 610 1285 661 estis,
1315 611 1416 652 dum
1450 612 1554 652 alibi
1582 628 1687 668 pro—

204 677 436 719 nuntiastis
462 680 532 734 jiis
556 679 745 736 Regalize
775 678 1026 719 servitutem
1055 678 1285 734 qnamdam
1308 694 1420 728 esse,
1444 695 1539 735 quse
1567 680 1610 720 in
1637 695 1688 720 eo

204 746 446 801 praesertim
487 745 604 802 quod
641 754 810 801 spectat
841 745 1159 786 Beneficiorum
1193 745 1489 795 collationem,
1520 745 1686 803 imponi

204 828 287 853 non
312 821 455 869 potest
471 812 554 852 nisi
578 813 772 853 Ecclesia
795 812 1065 853 eoncedente
1090 812 1156 852 vel
1183 812 1335 852 saltem
1365 813 1686 854 consentiente.

264 881 360 932 Quo
377 882 474 935 jure
490 896 564 920 vos
587 896 707 937 ergo,
724 881 795 935 jus
813 879 919 919 illud
936 878 979 918 in
1000 880 1163 935 Regem
1186 879 1469 920 contulistis?
1491 880 1688 936 Cumque

205 947 315 988 sacri
351 948 549 987 Canones
583 946 768 987 distrahi
803 954 948 987 vetent
979 948 1076 1002 jura
1114 946 1425 996 Ecclesiarum,
1466 947 1688 1003 quomodo

205 1031 252 1055 ea
289 1030 364 1054 vos
404 1013 648 1054 distrahere
687 1013 730 1053 in
764 1014 955 1054 animum
994 1012 1243 1062 induxistis,
1280 1012 1403 1068 quasi
1435 1012 1687 1054 eorumdem

207 1083 432 1121 Canonnm
458 1080 705 1121 auctoritati
731 1079 932 1137 derogari
962 1080 1091 1120 liceat
1115 1080 1271 1120 vobis?

226 1198 230 1200 ‚
263 1150 479 1189 Revocate
514 1147 556 1188 in
601 1149 851 1188 memoriam
892 1163 986 1203 quae
1021 1147 1209 1203 inclytus
1249 1146 1322 1187 ille
1363 1148 1688 1188 Conterraneus

204 1224 347 1257 vester
375 1214 709 1256 Clarevallensis
731 1215 895 1262 Abbas,
921 1230 1007 1254 non
1027 1214 1265 1255 Gallicanae
1284 1214 1432 1265 modo,
1459 1214 1535 1255 sed
1559 1215 1689 1255 etiam

207 1282 463 1323 universalis
515 1282 721 1323 Ecclesiae
767 1281 913 1321 lumen
956 1298 977 1321 a
1017 1282 1144 1321 nobis
1185 1282 1338 1322 merito
1379 1289 1685 1338 numenpatus,

208 1348 455 1407 Eugenium
476 1348 735 1390 Pontificem
761 1348 890 1389 ossicii
920 1348 984 1389 sui
1011 1348 1267 1399 admonens,
1305 1348 1484 1404 reliquit
1525 1347 1688 1405 scripta

208 1416 415 1473 praeclare
441 1433 447 1456 :
475 1417 760 1467 [meminisset
789 1432 833 1456 se
869 1432 964 1456 esse
990 1416 1059 1456 cui
1088 1416 1227 1456 claves
1255 1416 1441 1465 traditae,
1483 1415 1552 1456 cui
1587 1431 1689 1457 oves

209 1483 384 1524 creditae
401 1492 527 1534 sunt3
556 1499 650 1524 esse
676 1483 852 1539 quidem
876 1491 918 1523 et
939 1482 1046 1523 alios
1072 1482 1169 1523 coeli
1193 1484 1408 1523 Janitores
1431 1491 1473 1523 et
1495 1482 1689 1539 Gregum

208 1553 427 1601 Pastores,
463 1551 540 1591 sed
578 1566 675 1591 cum
717 1551 905 1591 habeant
938 1550 1000 1590 illi
1034 1551 1279 1607 assignatos
1312 1565 1485 1606 greges,
1525 1549 1689 1605 singuli

209 1618 431 1676 singulos,
480 1618 563 1674 ipsi
604 1617 829 1658 universos
874 1617 1092 1668 creditos,
1140 1618 1212 1657 uni
1257 1633 1391 1657 unum
1428 1632 1515 1657 non
1562 1615 1690 1658 modo

209 1686 368 1736 ovium,
395 1685 471 1725 sed
496 1690 541 1725 et'
561 1687 789 1726 Pastorum
817 1685 1061 1741 Eugenium
1094 1699 1188 1724 esse
1211 1685 1463 1734 Pastorem;
1493 1683 1690 1740 adeoque

205 1755 325 1809 juxta
365 1754 589 1793 Canonum
629 1760 804 1801 statuta,
844 1752 951 1792 alios
989 1751 1234 1807 Episcopos
1268 1759 1444 1791 vocatos
1479 1749 1612 1791 fuisse
1646 1751 1688 1791 in

212 1830 379 1876 partem
409 1819 740 1870 sollicitudinis,
771 1820 913 1875 ipsum
937 1819 979 1859 in
1008 1818 1329 1875 plenitudinem
1353 1818 1612 1874 potestatis].

270 1889 331 1928 Ex
376 1887 535 1943 quibus
572 1887 738 1937 verbis,
775 1895 984 1943 (plantum
1023 1902 1096 1927 vos
1131 1885 1360 1926 admoneri
1396 1900 1472 1940 par
1512 1892 1593 1935 est,
1636 1884 1690 1926 de

210 1954 421 2010 obsequio
450 1962 491 1994 et
527 1953 778 1994 obedientia
808 1969 937 2010 quam
965 1952 1135 1993 debetis
1162 1952 1261 1992 huic
1294 1959 1453 1992 sanetae
1487 1949 1591 2010 Sedi
1620 1950 1690 1992 eui

211 2037 289 2062 nos
315 2023 406 2062 Deo
431 2029 622 2068 auctore,
648 2036 910 2077 quamquam
941 2019 1145 2060 immeriti
1164 2018 1466 2075 praesidemus,
1496 2026 1690 2058 tantum-

212 2089 309 2129 dem
336 2088 567 2145 pastoralis
597 2097 744 2128 nostra
781 2087 1032 2127 sollicitudo
1065 2087 1278 2127 excitatur
1308 2085 1360 2126 ad
1400 2085 1689 2126 inchoandam

211 2156 387 2196 tandem
411 2155 645 2211 aliquando
666 2156 709 2195 in
739 2156 821 2195 hoc
851 2155 1044 2209 negotio,
1069 2168 1196 2209 quam
1223 2152 1352 2193 nimia
1387 2152 1566 2193 sortasse
1594 2152 1691 2193 lon-

211 2221 459 2279 ganimitas,
484 2230 637 2262 vestrae
661 2221 761 2262 dum
790 2220 1042 2277 penitentiae
1068 2220 1256 2276 spatium
1285 2219 1451 2271 damus,
1477 2219 1690 2260 hactenus

214 2289 386 2330 distulit
409 2288 653 2345 Apostolici
684 2288 875 2328 muueris
897 2288 1212 2328 cxeeutionem.

271 2357 565 2410 Quamobrem
607 2372 683 2412 per
728 2364 966 2412 priesentes
1011 2354 1194 2404 litteras,
1243 2353 1403 2394 tradita
1464 2353 1589 2394 nobis
1637 2353 1690 2394 ab

214 2423 505 2481 omnipotenti
550 2426 641 2464 Deo
677 2422 933 2463 auctoritate
968 2422 1281 2478 improbamus,
1324 2419 1615 2462 rescindimus
1650 2428 1694 2461 et.

216 2506 450 2540 cassamus,
479 2505 572 2546 quat
592 2490 635 2530 in
655 2490 749 2530 istis
770 2488 957 2530 comitiis
979 2497 1072 2529 aeta
1095 2487 1257 2528 suntin
1282 2486 1459 2543 negotio
1481 2486 1689 2544 Regaliae,

217 2574 311 2599 cum
351 2557 555 2598 omnibus
595 2557 695 2597 inde
736 2556 896 2597 secutis
931 2565 973 2596 et
1009 2572 1103 2612 qua*
1147 2555 1189 2595 in
1225 2562 1449 2611 posterum
1488 2553 1692 2594 attentari

218 2626 457 2681 continget,
513 2640 648 2681 eaque
699 2632 910 2680 perpetuo
962 2623 1082 2663 irrita
1128 2631 1168 2663 et
1215 2621 1359 2662 inania
1401 2620 1689 2672 declaramus,

219 2693 414 2749 quamvis
460 2708 556 2733 cum
588 2690 674 2732 sint
711 2692 802 2747 ipsa
834 2707 984 2747 perse
1018 2689 1244 2730 manifesto
1283 2688 1416 2740 nulla,
1450 2687 1693 2731 cassatione

1835 710 1839 714 .
1826 646 1836 687 —··-
1815 417 1839 622 „amn-fia&
