1839 3049
216 184 252 212 70
644 182 864 213 L’AFFAIRE
889 183 970 213 DES
997 183 1262 214 FRANCHISES

214 261 432 309 Baronus,
487 259 777 310 Domicellus,
826 260 1003 311 Comes,
1060 261 1177 310 Dux,
1226 260 1442 317 Principis
1500 263 1687 318 cujusvis

214 328 386 376 Orator,
424 336 495 367 aut
534 327 663 383 (quod
697 328 886 368 futurum
928 327 1105 367 minime
1142 327 1383 384 credimus)
1426 328 1684 386 Episcopus,

212 394 604 451 ArchiepiscopuS,
633 394 906 445 Patriarcha,
939 403 1011 435 aut
1046 394 1174 435 etiam
1206 396 1251 436 S.
1284 397 1334 437 R.
1365 397 1414 437 E.
1443 396 1687 438 cardinalis

213 463 442 512 exstiterit,
469 461 635 503 noverit
661 479 705 502 se
729 461 974 502 amissionis
997 462 1145 519 gratim
1171 478 1218 503 ae
1244 464 1557 504 benevolentiae
1585 480 1688 505 nos-

212 539 303 579 tra),
325 546 402 570 nec
426 545 510 569 non
535 530 822 570 correctionis
845 538 886 570 et
908 529 1243 580 emendationis,
1263 539 1392 584 prout
1415 530 1550 573 Nobis
1567 533 1688 588 juxta

213 596 636 638 circuinstantiarum
680 597 932 653 qualitatem
976 597 1212 648 videbitur,
1255 614 1400 654 paenas
1443 598 1540 656 ipso
1579 599 1689 640 sacto

212 664 504 706 incursurum.
540 665 584 706 Si
616 664 713 721 quis
739 681 838 706 vero
869 664 913 705 in
940 674 1101 705 tantam
1128 665 1369 706 decreverit
1395 666 1618 707 audaciam
1643 675 1690 708 ut

212 733 341 773 etiam
368 732 580 773 violenter
608 741 649 772 et
679 748 804 773 manu
839 742 1000 773 armata
1038 732 1145 789 ipsis
1183 732 1365 774 Justitiae
1400 732 1613 774 Ministris
1645 749 1689 774 se

212 815 435 856 opponere
461 808 501 840 et
530 799 732 840 resistere
755 816 883 841 ausus
906 800 1048 850 suerit,
1077 808 1163 841 tam
1191 800 1399 841 facientes
1423 817 1551 858 quam
1575 816 1689 841 man-

212 868 382 916 dantes,
408 884 458 908 eo
481 866 576 924 ipso
597 867 761 908 crimen
784 868 892 908 hesse
916 868 1152 924 majestatis
1172 867 1395 909 incurrere
1416 868 1689 909 declaramus

212 944 253 976 et
289 952 367 992 pro
404 935 520 976 illius
555 935 774 993 condigna
811 935 989 987 ultione,
1025 935 1058 976 si
1096 936 1207 976 ultra
1243 936 1426 977 Justitiae
1463 935 1689 978 Ministros

213 1002 361 1059 majori
401 1019 527 1043 manu
566 1019 674 1060 opus
711 1003 861 1053 suerit,
901 1004 1177 1060 praecipimus
1217 1003 1377 1045 dilecto
1412 1004 1500 1045 filio
1543 1003 1689 1046 Nobili

211 1071 314 1113 Viro
335 1070 517 1112 Camillo
537 1070 695 1113 Ursino
716 1070 959 1112 Domicello
980 1072 1193 1122 Romano,
1217 1087 1264 1112 ac
1284 1071 1407 1112 alteri
1431 1071 1689 1128 cuicumque

212 1155 290 1195 pro
325 1147 521 1195 tempore
550 1138 716 1179 Militiae
748 1148 907 1179 nostrae
942 1138 1195 1196 temporalis
1231 1139 1436 1181 Generali
1466 1140 1689 1181 Guberna-

212 1205 317 1256 tori,
355 1215 397 1247 et
434 1206 643 1247 custodiae
680 1206 833 1247 Palatii
870 1207 1007 1247 nostri
1045 1207 1261 1256 Ducibus,
1292 1216 1378 1247 tam
1410 1207 1689 1264 pedestribus

212 1290 339 1330 quam
375 1275 652 1330 equestribus
687 1290 734 1315 ac
765 1274 1171 1325 ConservatoribuS,
1203 1283 1245 1315 et
1275 1275 1503 1331 Capitibus
1533 1273 1689 1333 Regio-

214 1357 315 1382 num
344 1341 480 1398 ipsius
510 1341 642 1382 Alma*
670 1341 818 1392 Urbis,
849 1351 893 1383 ut
929 1350 1078 1383 contra
1108 1351 1382 1399 opponentes
1414 1351 1456 1383 et
1483 1342 1690 1383 resisten-

211 1418 275 1449 tes
304 1410 570 1465 hujusmodi,
601 1418 806 1466 tanquam
831 1410 1030 1460 Justitiae,
1057 1409 1174 1467 pacis
1209 1419 1249 1451 et
1276 1409 1435 1467 quietis
1461 1410 1689 1466 perturba-

211 1485 350 1527 tores,
388 1486 648 1534 nostrosque
682 1487 723 1518 et
754 1478 881 1534 hujus
918 1480 962 1520 S.
1002 1479 1129 1520 Sedis
1163 1478 1384 1529 Rebelles,
1421 1477 1580 1519 acriter
1612 1493 1690 1518 suo

214 1544 395 1585 brachio
425 1545 632 1586 Saeculari
668 1546 918 1604 insurgant,
952 1562 998 1586 ae
1033 1562 1106 1586 eos
1141 1548 1271 1588 Manu
1305 1546 1461 1603 Regia,
1499 1553 1540 1586 et
1572 1545 1690 1586 nulla

211 1612 294 1653 tela
317 1612 547 1668 judiciaria
576 1622 756 1663 servata,
787 1613 1059 1654 severissime
1084 1614 1332 1670 puniendos
1359 1612 1453 1670 capi
1477 1622 1519 1654 et
1543 1628 1689 1654 carce-

213 1678 331 1719 ribus
358 1679 595 1736 mancipari
624 1681 798 1721 saciant.
827 1682 924 1723 Non
953 1681 1231 1722 obstantibus
1261 1680 1485 1738 quibusvis
1513 1680 1688 1721 Consti-

211 1746 453 1788 tutionibus
474 1756 516 1788 et
538 1747 901 1789 Ordinationibus
920 1748 1204 1806 Apostolieis,
1229 1748 1469 1807 privilegiis
1494 1764 1686 1805 quoque,

215 1815 414 1865 [ndultis,
446 1816 617 1856 statutis
648 1826 690 1857 et
721 1817 1137 1870 consuetudinibus,
1170 1817 1425 1873 eaeterisque
1460 1814 1688 1857 contrariis

212 1882 575 1940 quibuscumque.
603 1886 657 1925 Ut
680 1892 822 1925 autem
844 1884 1067 1941 praemissa
1090 1884 1233 1925 omnia
1263 1885 1315 1925 ad
1335 1900 1482 1925 eorum
1505 1899 1689 1940 quorum

212 1950 394 1991 interest
430 1952 626 1992 notitiam
663 1952 952 2003 deducantur,
987 1969 1065 1993 nec
1103 1953 1259 2010 aliquis
1293 1952 1346 1993 de
1380 1953 1441 1993 eis
1479 1952 1688 2010 ignoran-

211 2019 314 2058 tiam
335 2020 450 2074 juste
470 2020 742 2075 praetendere
764 2021 918 2076 possit,
940 2020 1136 2061 volumus
1159 2029 1200 2061 et
1225 2020 1476 2076 Apostolica
1499 2018 1688 2060 auctori-

211 2094 297 2127 tate
323 2086 598 2127 decernimus
627 2088 744 2143 quod
776 2096 1014 2144 praesentes
1044 2088 1213 2129 Littera·
1244 2104 1322 2145 per
1353 2087 1520 2144 aliquos
1549 2086 1689 2127 Curiae

215 2163 371 2194 nostroe
393 2155 602 2195 Cursores
622 2155 674 2195 ad
693 2155 889 2196 Basilieae
908 2156 1126 2213 Principis
1146 2155 1457 2212 Apostolorum
1475 2155 1529 2195 (le
1551 2154 1686 2204 Urbe,

212 2231 253 2262 et
278 2221 481 2262 Ecclesia*
505 2224 807 2263 Latcranensis
830 2223 999 2273 Valvas,
1022 2223 1123 2264 dum
1147 2223 1255 2263 inibi
1278 2221 1432 2279 Populi
1456 2220 1689 2263 multitudo

213 2290 265 2330 ad
283 2288 435 2330 Divina
457 2289 673 2331 audienda
694 2291 961 2341 convenerit,
984 2291 1124 2347 palam
1147 2299 1188 2331 et
1210 2291 1322 2331 clara
1347 2306 1448 2330 voce
1470 2290 1686 2347 legantur,

213 2366 253 2398 et
284 2358 405 2398 lectw
435 2358 474 2398 in
507 2357 705 2399 Basiliam
734 2367 776 2398 et
807 2359 1008 2399 Ecclesia*
1042 2358 1292 2414 hujusmodi
1328 2374 1375 2399 ac
1409 2355 1689 2398 Caneellaria‘

212 2425 473 2481 Apostolicar
504 2426 662 2475 Valvis,
694 2442 864 2467 necnon
896 2427 937 2466 in
966 2426 1069 2466 Acie
1108 2427 1258 2482 Campi
1288 2426 1426 2467 Flora·
1459 2424 1690 2482 affigantur

213 2493 283 2533 ubi
321 2493 373 2532 ad
407 2493 638 2533 lectionem
674 2502 715 2533 et
748 2494 944 2534 notitiam
978 2503 1232 2534 cunctorum
1267 2493 1518 2550 aliquandiu
1554 2491 1689 2532 assixae

212 2560 432 2616 pendeant
453 2568 509 2609 et,
535 2577 629 2600 eum
656 2561 756 2601 inde
779 2561 1108 2611 amovebuntur,
1131 2577 1278 2601 earum
1301 2560 1496 2616 exempla
1513 2560 1555 2600 in
1579 2560 1689 2615 ejus·

212 2628 309 2667 dein
344 2627 449 2667 locis
490 2636 739 2668 remaneant
772 2627 920 2668 allixw.
962 2629 1178 2684 Quodque
1215 2645 1359 2669 earum
1400 2627 1687 2683 transumptis

215 2712 341 2736 manu
367 2695 532 2737 Notarii
561 2696 726 2752 publici
758 2696 1019 2753 subscriptis
1045 2705 1086 2737 et
1115 2695 1259 2751 sigillo
1284 2695 1467 2752 alicujus
1492 2710 1688 2753 personae
