1839 3049
580 162 691 193 BREF
715 162 773 192 DU
799 161 906 191 PAPE
928 160 1148 192 INNOCENT
1172 160 1231 189 XII
1592 159 1647 189 151

391 417 431 457 5.
469 441 526 447 —
558 415 707 456 BREF
742 415 818 455 DU
854 414 998 455 PAPE
1036 412 1323 454 INNOCENT
1356 412 1435 452 XII

770 506 793 531 Α
829 506 948 531 LOUIS
982 505 1052 529 XIV

400 602 645 644 (Procas-verb.
664 601 723 631 (les
742 600 949 631 .-1.s-semble'es
969 602 1050 631 Ge'n.
1072 600 1117 629 ιΙιι
1138 599 1266 642 Clerge'‚
1285 604 1308 631 t.
1326 602 1381 638 Vl,
1400 613 1434 643 p.
1452 602 1537 644 181.)

227 736 511 776 INNOCENTIUS
537 748 637 773 PAPA
666 748 723 772 χιι
743 732 770 772 ¹.
805 731 1074 772 Charissimc
1099 731 1141 771 in
1165 731 1343 772 Christo
1372 732 1454 773 Fili
1484 742 1651 785 noster,

169 803 365 846 Salutem
394 810 434 842 et
461 799 763 856 Apostolicam
791 798 1171 839 Benedictionem.
1196 800 1363 840 Novum
1396 816 1443 840 ac
1472 801 1655 856 proecla-
1710 840 1711 843 ,

168 887 262 912 rum
294 869 519 926 specimen
556 867 675 908 illius
719 866 897 923 pietatis
942 882 1071 922 quam
1113 881 1286 922 semper
1328 868 1536 923 Majestas
1583 877 1655 910 tua

167 938 360 995 praefert,
392 935 671 992 potissimum
701 950 805 975 vero
838 933 914 974 ubi
949 933 1001 973 de
1035 933 1273 974 Catholicae
1307 934 1503 976 veritatis
1541 935 1655 977 inte-

168 1006 326 1066 gritate
364 1004 508 1062 agitur
545 1002 825 1059 percepimus
861 1017 913 1041 ex
946 1000 1098 1059 Regiis
1133 1000 1220 1042 'tuis
1258 1001 1311 1041 acl
1348 1018 1426 1042 nos
1457 1002 1653 1054 Litteris,

169 1082 290 1114 sexta
335 1071 505 1112 decima
550 1070 740 1111 labentis
783 1068 930 1110 Martii
971 1067 1100 1118 datis,
1151 1068 1312 1124 quibus
1351 1069 1572 1125 profiteris
1613 1080 1655 1112 te

169 1155 338 1182 summo
362 1138 508 1180 studio
530 1137 775 1194 praestolari
797 1137 928 1193 hujus
955 1145 1114 1177 sanctae
1139 1136 1267 1176 Sedis
1286 1136 1502 1192 judicium
1525 1153 1657 1194 super

169 1207 371 1249 doctrina
395 1215 600 1247 contenta
624 1206 668 1245 in
694 1205 826 1245 Libro
848 1203 1071 1245 Antistitis
1098 1204 1456 1255 Cameracensis;
1479 1214 1608 1262 atque
1635 1221 1657 1247 a

168 1275 297 1316 nobi-s
331 1274 457 1316 enixe
495 1273 714 1330 postulas,
746 1281 792 1313 ut
826 1287 992 1312 moram
1027 1287 1201 1311 omnem
1237 1281 1365 1328 atque
1395 1272 1590 1323 obicem,
1622 1272 1657 1314 si

169 1358 299 1399 quem
330 1342 440 1382 forte
478 1342 530 1382 ab
569 1339 791 1397 aliquibus
831 1338 1055 1395 interponi
1098 1338 1380 1397 contigisset,
1422 1339 1658 1396 quominus

169 1409 393 1451 definitiva
435 1408 636 1465 prodiret
674 1406 908 1456 sententia,
942 1421 1167 1446 removere
1210 1406 1470 1448 auctoritate
1508 1416 1659 1448 nostra

167 1477 368 1519 velimus.
405 1477 518 1517 Sane
542 1492 595 1516 ex
615 1475 712 1531 ipso
735 1474 914 1515 decreto
945 1473 1062 1530 quod
1092 1489 1232 1530 nuper
1261 1473 1458 1532 evulgari
1488 1473 1659 1514 statim-

169 1561 254 1602 que
282 1544 335 1586 ad
361 1553 402 1585 te
432 1543 595 1584 deferri
619 1542 854 1599 jussimus,
884 1550 926 1582 te
957 1543 1047 1597 jam
1079 1541 1339 1600 cognovisse
1374 1541 1657 1592 arbitramur,

171 1629 265 1670 quae
284 1611 415 1653 fuerit
433 1627 483 1652 ea
503 1611 548 1651 in
567 1626 612 1651 re
633 1609 827 1651 obeundi
850 1609 1044 1649 muneris
1067 1608 1224 1659 nostri,
1240 1609 1460 1665 justisque
1484 1608 1658 1665 petitio-

170 1680 301 1722 nibus
323 1679 411 1721 tuis
442 1678 687 1728 annuendi,
712 1676 945 1718 Pontificia
976 1686 1126 1718 nostra
1154 1676 1430 1727 sollicitudo,
1457 1676 1526 1717 cui
1555 1692 1660 1732 pro-

170 1748 285 1789 fecto
312 1746 597 1803 respondisse
619 1745 762 1786 zelum
791 1760 964 1795 eorum,
996 1744 1157 1800 quibus
1186 1753 1258 1785 aut
1289 1743 1557 1785 discutiendi
1589 1752 1662 1785 aut

170 1814 460 1873 promovendi
502 1812 756 1870 hujusmodi
794 1812 961 1871 negotii
1004 1811 1232 1868 provincia
1271 1811 1533 1852 demandata
1570 1819 1662 1852 erat

170 1898 430 1940 persuasum
457 1890 500 1923 te
526 1881 705 1921 omnino
736 1896 831 1922 esse
855 1880 1057 1921 volumus
1085 1896 1091 1920 :
1119 1879 1340 1935 Majestati
1369 1878 1546 1920 interim
1577 1887 1661 1920 tuae

172 1951 354 1992 uberem
381 1950 599 1990 bonorum
627 1948 799 2005 copiam
831 1948 883 1988 ab
916 1946 1172 1988 eorumdem
1201 1946 1410 2005 largitore
1439 1947 1533 1987 Deo
1558 1961 1662 2002 pre·-

172 2033 322 2059 camur
347 2026 388 2058 et
414 2016 716 2073 Apostolicam
745 2015 1111 2056 Benedictionem
1138 2013 1436 2055 amantissime
1466 2012 1661 2069 imperti-

174 2101 285 2126 mur.
319 2086 474 2126 DATUM
504 2085 676 2134 Romae,
708 2083 825 2140 apud
862 2083 1066 2123 Sanctam
1099 2081 1283 2123 Mariam
1316 2082 1551 2137 Majorem,
1580 2080 1661 2120 sub

174 2152 336 2195 annulo
372 2151 629 2202 piscatoris,
667 2150 737 2191 die
772 2150 825 2192 31
856 2149 1005 2191 Martii
1042 2149 1169 2199 1699,
1201 2148 1488 2190 pontificatus
1522 2146 1662 2188 nostri

174 2236 288 2262 anno
317 2229 484 2260 octavo.
514 2220 768 2276 Signatum,
799 2219 987 2259 ULYssEs
1017 2218 1173 2257 JOSEPH
1205 2217 1491 2257 GossAnthJs.
1519 2215 1577 2255 Et
1604 2229 1661 2255 αα

174 2289 251 2330 dos
278 2305 290 2330 .·
317 2286 589 2328 Charissimo
612 2286 790 2328 Christo
811 2285 925 2326 Filio
948 2293 1100 2326 nostro
1126 2286 1368 2334 LUDovmo,
1393 2284 1662 2325 Francorum

174 2354 288 2414 Regi
310 2353 706 2396 Christianissimo.

218 2502 248 2531 1.
274 2501 386 2531 Lettre
404 2501 529 2531 remise
551 2511 594 2530 au
614 2500 666 2530 roi
683 2511 748 2540 par
771 2500 847 2539 Mgr
864 2499 1038 2540 Delphini,
1055 2509 1161 2529 nonce
1182 2499 1228 2528 du
1245 2498 1350 2539 Pape,
1367 2507 1450 2528 aveo
1464 2497 1495 2536 lc
1513 2496 1591 2527 bref
1606 2495 1665 2536 qui

177 2542 400 2573 condamnait
417 2542 466 2572 les
490 2554 504 2571 «
523 2541 688 2572 Maximes
707 2541 766 2571 des
786 2541 902 2571 Saints
921 2552 949 2572 ».
