1839 3049
0 1225 22 1331 '‘vv-'f'
0 1116 26 1218 ff‘ffrbu'd‘
0 1083 18 1106 'P'
0 720 23 1075 fffl1¹RVZ¹R'¹WY⁷WA
13 659 16 662 -

0 1338 25 1382 i*

0 1387 15 1409 ὶ

0 1423 26 1485 ἓ

0 1492 22 1548 ἒ

688 174 829 205 BULLE
855 176 1023 205 VINE.4M
1037 176 1199 205 DOMINI
1618 180 1675 209 165

187 250 498 306 praevenientis
544 251 706 292 Gratiae
754 251 979 292 interioris
1024 253 1332 293 necessitatem
1377 254 1429 294 ad
1473 256 1672 313 singulos

189 327 327 367 actus,
351 317 481 359 etiam
501 317 554 358 ad
580 317 754 359 initium
776 318 918 362 Fidei,
942 319 1044 360 etin
1066 320 1148 359 hoc
1172 329 1293 360 erant
1319 321 1529 364 lia-retici.
1557 324 1673 379 quod

187 385 368 434 vellent,
393 402 487 426 eam
513 386 710 427 Gratiam
738 386 870 427 talem
899 403 1011 432 csse,
1039 387 1107 428 cui
1138 397 1285 443 posset
1314 389 1501 430 humana
1527 392 1675 432 volun-

187 462 253 494 tas
292 453 517 503 resistere,
562 453 629 494 vel
673 454 998 510 obtemperare.
1044 454 1222 507 Quinta.
1272 445 1676 515 Semipclagianum

189 530 254 562 est
283 520 457 571 dicere:
482 521 709 562 Christum
735 537 815 577 pro
844 522 1050 563 omnibus
1077 522 1255 563 omnino
1278 523 1533 565 hominibus
1560 542 1676 567 mor-

187 597 312 630 tuum
339 604 452 638 esse,
481 598 551 630 aut
581 589 842 647 sanguinem
868 589 1050 630 fudisse.

249 657 353 706 Nos,
380 655 541 713 quibus
564 656 679 697 inter
702 657 970 713 multiplices
993 673 1119 698 curas
1143 673 1237 714 quse
1263 658 1455 699 animum
1479 669 1677 701 nostrum

191 723 366 765 assidue
399 724 594 780 pulsant,
632 724 707 765 illa
741 724 785 764 in
820 724 976 781 primis
1012 725 1135 765 cordi
1172 735 1252 769 est,
1290 736 1333 766 ut
1370 727 1568 769 Ecclesia
1598 729 1678 769 Dei

189 791 326 833 Nobis
369 807 421 831 ex
464 791 550 832 alto
597 792 852 843 commissa,
900 793 1101 851 purgatis
1142 809 1373 849 pravarum
1420 795 1679 850 opinionum
1728 818 1729 821 ¹

191 858 434 908 erroribus,
476 868 571 900 tuto
613 859 818 905 militare,
863 869 903 900 et
942 869 1151 916 tanquam
1192 861 1312 901 navis
1352 861 1396 902 in
1438 863 1679 919 tranquillo

189 926 315 975 mari,
347 926 511 968 sedatis
539 927 735 967 omnium
768 936 1081 984 tempestatum
1118 926 1324 969 fluctibus
1359 945 1406 969 ac
1444 930 1676 985 procellis,

190 1009 343 1035 secure
377 994 600 1052 navigare,
641 1004 681 1035 et
719 994 773 1035 ad
810 1004 1008 1051 optatum
1047 995 1199 1035 salutis
1235 1006 1409 1051 portum
1448 997 1678 1052 pervenire

190 1061 347 1118 possit,
381 1077 461 1117 pro
498 1061 561 1102 rei
593 1062 806 1120 gravitate
839 1078 985 1103 coram
1018 1062 1240 1118 aliquibus
1275 1064 1318 1103 S.
1355 1064 1407 1104 R.
1439 1066 1488 1104 E.
1525 1064 1680 1105 Cardi-

191 1129 382 1178 nalibus,
415 1129 468 1170 ad
495 1128 540 1169 id
571 1129 824 1185 specialiter
860 1130 1018 1186 saepius
1054 1130 1353 1189 congregatis,
1395 1146 1442 1171 ac
1478 1132 1680 1187 pluribus

191 1196 236 1237 in
278 1197 411 1238 Sacra
451 1197 695 1256 Theologia
733 1197 977 1256 Magistris,
1022 1197 1197 1238 easdem
1239 1198 1433 1254 quinque
1474 1199 1681 1254 proposi-

189 1265 351 1312 tiones,
379 1273 425 1305 ut
455 1281 603 1321 supra,
626 1265 763 1305 Nobis
791 1265 961 1306 oblatas
991 1265 1172 1306 fecimus
1202 1265 1460 1324 singillatim
1490 1266 1681 1325 diligen-

190 1342 259 1374 ter
289 1332 546 1383 examinari,
583 1348 824 1389 eorumque
855 1332 1081 1389 suffragia.
1115 1342 1207 1373 tum
1238 1349 1360 1375 voce,
1394 1343 1486 1374 tum
1515 1334 1681 1389 scripto

191 1399 329 1441 relata
354 1408 521 1441 mature
548 1400 942 1444 consideravimus,
973 1389 1240 1456 eosdemque
1268 1400 1519 1458 magistros,
1548 1400 1681 1441 variis

191 1483 339 1508 eoram
361 1467 498 1508 Nobis
527 1468 634 1509 actis
663 1468 1117 1527 CongregationibuS,
1142 1468 1313 1524 prolixe
1340 1484 1472 1524 super
1496 1468 1678 1519 eisdem,

191 1551 240 1576 ae
265 1551 397 1591 super
420 1551 569 1576 earum
595 1536 791 1592 qualibet
815 1535 1090 1579 differentes,
1117 1535 1378 1576 audivimus.
1406 1536 1514 1577 Cum
1538 1545 1682 1577 autem

191 1602 245 1643 ab
261 1602 388 1643 initio
407 1602 715 1659 hujuscemodi
735 1603 1044 1648 discussionis,
1062 1603 1114 1643 ad
1131 1603 1337 1643 Divinum
1355 1603 1681 1659 implorandum

191 1669 401 1711 auxilium
430 1670 668 1711 multorum
698 1671 865 1712 Christi
897 1670 1096 1711 fidelium
1127 1686 1306 1727 preces,
1336 1680 1428 1711 tum
1457 1670 1678 1727 privatim,

179 1745 282 1778 :tum
328 1738 529 1794 publice,
579 1738 919 1782 indixissemus:
965 1738 1247 1795 postmodum
1298 1738 1466 1779 iteratis
1515 1738 1682 1779 eisdem

191 1804 448 1856 ferventius,
487 1821 534 1847 ac
574 1821 653 1862 per
693 1808 780 1847 Nos
816 1807 987 1848 solicite
1027 1806 1261 1862 implorata
1299 1806 1448 1846 Sancti
1488 1805 1682 1862 Spiritus

191 1872 459 1923 assistentia,
482 1873 660 1914 tandem
683 1874 842 1914 Divino
867 1874 1054 1915 Numine
1083 1873 1251 1914 favente
1276 1873 1328 1914 ad
1355 1873 1682 1929 infrascriptam

192 1940 448 1981 devenimus
477 1940 823 1982 declarationem
852 1952 894 1983 et
922 1941 1243 1982 definitionem.

251 2008 444 2049 Primam
478 2008 789 2064 praedictarum
824 2008 1181 2065 propositionum
1220 2025 1227 2048 :
1265 2008 1422 2064 Aliqua
1457 2008 1537 2048 Dei
1570 2023 1682 2064 prae-

192 2084 319 2132 cepta
339 2075 595 2117 hominibus
613 2076 745 2133 justis
770 2077 1039 2122 volentibus,
1067 2085 1106 2117 et
1131 2075 1410 2123 conantibus,
1438 2075 1681 2116 secundum

192 2151 456 2198 praesentes,
503 2159 610 2200 quas
656 2144 821 2185 habent
865 2144 998 2192 vires,
1046 2153 1145 2184 sunt
1192 2142 1511 2198 impossibilia3
1559 2142 1682 2183 deest

192 2225 368 2266 quoque
411 2210 500 2251 illis
546 2210 714 2257 Gratia,
757 2227 842 2267 qua
888 2211 1121 2267 possibilia
1160 2210 1264 2251 fiant
1307 2227 1314 2250 ;
1365 2209 1678 2259 Temerariam,

191 2277 388 2334 impiam,
416 2277 739 2334 blasphemam,
766 2279 1043 2319 anathemate
1074 2278 1322 2318 damnatam
1358 2287 1397 2318 et
1428 2277 1680 2318 haereticam

190 2344 483 2395 declaramus,
515 2354 556 2387 et
588 2345 651 2386 uti
677 2346 811 2387 talem
844 2346 1119 2387 damnamus.
1151 2345 1400 2386 Secundam
1433 2362 1439 2384 :
1474 2344 1680 2385 Interiori

192 2411 354 2453 Gratiae
375 2412 420 2453 in
440 2422 554 2454 statu
573 2422 738 2454 naturae
757 2413 890 2470 lapsae
910 2429 1135 2469 nunquam
1155 2412 1376 2453 resistitur
1400 2428 1406 2451 :
1430 2412 1682 2452 haereticam

193 2478 484 2529 declaramus,
516 2490 558 2521 et
586 2480 650 2521 uti
677 2480 811 2521 talem
840 2481 1113 2521 damnamus.
1150 2479 1343 2520 Tertiam
1376 2496 1382 2519 :
1418 2478 1485 2520 Ad
1517 2494 1683 2519 meren-

193 2545 298 2586 dum
325 2555 367 2588 et
394 2547 712 2589 demerendum
741 2547 785 2588 in
818 2557 931 2589 statu
964 2557 1129 2589 naturae
1161 2547 1293 2603 lapsae
1326 2562 1413 2586 nou
1443 2546 1684 2602 requiritur

194 2612 239 2653 in
280 2613 458 2656 homine
496 2614 679 2656 libertas
720 2631 741 2656 a
782 2615 1069 2664 necessitate,
1111 2614 1188 2655 sed
1231 2613 1391 2654 sufficit
1437 2614 1617 2654 libertas
1661 2628 1681 2653 a

193 2680 420 2722 coactione
451 2698 458 2722 ε
488 2681 741 2723 haereticam
768 2681 1060 2726 declaramus,
1090 2690 1129 2722 et
1159 2680 1221 2721 uti
1249 2680 1381 2721 talem
1409 2680 1680 2720 damnamus.
