1839 3049
561 201 672 231 BREF
698 201 754 231 DU
780 201 888 232 PAPE
914 201 1134 232 INNOCENT
1160 203 1200 232 XI
1588 207 1628 237 39

138 279 277 320 solum
304 279 377 336 qui
410 287 598 335 patrum,
631 278 708 319 sed
743 278 815 335 qui
847 287 995 319 nostra
1029 295 1203 335 quoque
1238 281 1444 322 memoria
1472 281 1625 324 florue-

137 355 254 396 runt,
291 355 331 387 et
366 347 440 402 qui
480 347 640 387 Yvonis
682 346 991 387 carnotensisl
1021 346 1138 388 dicta
1172 347 1376 397 laudatis,
1410 349 1625 391 debuistis

136 415 247 456 sacta
275 414 422 464 etiam,
448 430 545 454 cum
574 430 642 454 res
668 422 887 470 posceret,
915 414 1092 455 imitari.
1118 416 1266 456 Nostis
1290 432 1384 472 quae
1415 416 1450 457 is
1475 417 1627 459 fecerit

135 498 381 540 passusque
415 481 472 522 sit
504 482 547 522 in
584 482 839 523 turbulenta
875 482 944 522 illa
979 498 1026 523 ac
1063 482 1308 539 periculosa
1339 484 1624 534 contentione

135 549 251 591 inter
293 550 518 591 Urbanum
557 549 816 590 Pontificem
851 558 893 590 ct
925 550 1178 606 Philippum
1217 552 1396 607 Regem,
1432 553 1624 593 muneris

137 616 201 658 sui
237 617 473 658 arbitratus
515 626 664 657 contra
706 618 889 673 Regiam
930 617 1285 674 indignationem
1323 626 1452 666 stare,
1500 619 1625 660 bonis

135 684 332 741 spoliari,
362 700 560 725 carceres
593 693 636 725 et
662 685 787 726 exilia
822 685 1035 742 perferre,
1070 685 1378 726 deserentibus
1401 686 1497 727 aliis
1523 702 1625 728 eau-

136 768 227 793 sam
255 752 498 793 meliorem.

193 819 338 861 Officii
354 820 487 861 vestri
504 829 595 861 erat
613 820 741 862 Sedis
759 821 1023 877 Apostolicae
1038 821 1303 871 auctoritati,
1321 822 1464 863 studia
1481 832 1623 864 vestra

134 887 394 945 adjungere,
414 897 457 928 et
473 888 685 929 Pastorali
705 897 899 945 pectore,
920 888 1158 930 humilitati
1175 889 1436 930 sacerdotali
1451 906 1623 932 causam

135 956 431 997 Ecclesiarum
447 965 688 997 vestrarum
710 956 826 1013 apud
845 957 1013 1014 Regem
1030 972 1177 1014 agere,
1199 958 1292 1013 ejus
1309 958 1624 1000 conscientiam

133 1023 186 1064 de
205 1031 293 1064 tota
312 1039 357 1064 re
387 1023 664 1074 instruendo,
681 1032 810 1064 etiam
827 1040 922 1064 cum
941 1024 1138 1080 periculo
1166 1024 1351 1082 Regium
1373 1025 1417 1065 in
1438 1041 1514 1066 vos
1536 1026 1624 1067 ani-

133 1107 249 1131 mum
270 1090 497 1142 irritandi3
522 1100 566 1132 ut
588 1091 778 1148 possetis
802 1091 843 1131 in
864 1100 1088 1148 posterum
1109 1091 1203 1133 sine
1227 1093 1389 1133 rubore
1418 1093 1461 1133 in
1482 1094 1624 1150 quoti-

132 1157 259 1198 diana
277 1158 521 1215 psalmodia
540 1161 679 1199 Deum
701 1159 993 1215 alloquentes,
1013 1159 1220 1200 Davidica
1241 1160 1372 1200 verba
1391 1160 1588 1216 proferre
1612 1179 1620 1205 :

134 1242 154 1264 «
184 1224 398 1281 loquebar
426 1225 479 1266 de
510 1225 774 1266 testimoniis
800 1226 886 1266 tuis
917 1227 960 1266 in
990 1235 1232 1282 conspectu
1256 1228 1441 1284 Regum,
1468 1235 1510 1268 et
1538 1244 1623 1268 non

133 1292 450 1334 confundebar.
483 1310 504 1332 »

191 1363 365 1414 Quanto
385 1361 522 1419 magis
542 1362 586 1402 id
605 1362 729 1403 vobis
753 1361 1002 1403 faciendum
1021 1362 1114 1413 suit,
1137 1371 1222 1404 tam
1242 1372 1474 1420 perspecta
1493 1372 1624 1421 atque

130 1428 354 1485 explorata
380 1429 533 1486 optimi
557 1429 777 1487 Principis
796 1431 966 1486 justitia
989 1439 1031 1471 et
1051 1430 1230 1487 pietate,
1256 1448 1386 1488 quem
1410 1431 1623 1489 singulari

129 1496 400 1555 benignitate
430 1498 674 1554 Episcopos
704 1498 872 1548 audire,
902 1498 1113 1539 Ecclesiis
1142 1499 1285 1540 favere
1314 1508 1355 1540 et
1378 1499 1620 1556 Episcopa-

133 1564 213 1605 lem
236 1572 499 1621 potestatem
530 1565 834 1606 intemeratam
864 1565 975 1606 velle
1008 1582 1084 1606 vos
1114 1566 1197 1622 ipsi
1224 1566 1436 1617 scribitis,
1467 1575 1510 1607 et
1542 1582 1622 1608 nos

130 1648 284 1689 magna
312 1648 409 1673 cum
438 1633 660 1689 voluptate
688 1633 875 1691 legimus
902 1634 945 1674 in
976 1634 1133 1674 vestris
1160 1634 1335 1675 litteris,
1368 1636 1465 1676 Non
1493 1635 1622 1675 dubi-

128 1707 285 1744 tamus,
337 1699 373 1740 si
430 1699 664 1740 stetissetis
707 1709 807 1741 ante
852 1701 1018 1758 Regem
1067 1717 1146 1757 pro
1192 1716 1331 1741 causae
1374 1709 1461 1742 tam
1493 1703 1621 1757 justae

129 1767 405 1817 defensione,
444 1783 587 1823 neque
622 1767 825 1808 defutura
855 1768 978 1808 vobis
1009 1768 1141 1809 verba
1180 1784 1275 1825 quse
1310 1769 1618 1825 loqueremini,

129 1850 271 1892 neque
298 1835 409 1893 Regi
432 1851 507 1875 cor
532 1834 674 1876 docile
698 1851 784 1891 quo
806 1837 963 1876 vestris
987 1845 1201 1876 annueret
1220 1836 1470 1892 postulatis.

187 1904 312 1946 Nune
365 1919 462 1943 cum
508 1902 703 1943 muneris
758 1903 914 1953 vestri,
969 1912 1011 1943 et
1055 1903 1202 1960 Regia}
1252 1904 1469 1960 {equitatis
1511 1921 1621 1961 quo-

129 1971 362 2012 dammodo
390 1970 516 2011 obliti
540 1970 583 2011 in
606 1971 715 2011 tanti
740 1971 949 2011 momenti
977 1971 1155 2028 negotio
1179 1971 1403 2012 silentium
1425 1972 1621 2013 tenueri-

127 2038 200 2088 tis,
231 2055 319 2080 non
346 2038 544 2080 videmus
569 2054 656 2095 quo
682 2039 901 2095 probabili
931 2039 1214 2080 fundamento
1243 2039 1521 2097 significetis,
1545 2056 1619 2081 vos

129 2107 182 2147 ad
213 2107 270 2147 ita
305 2106 525 2163 agendum
560 2106 790 2156 adductos,
819 2106 938 2163 quod
970 2106 1013 2147 in
1040 2107 1338 2147 controversia
1367 2106 1469 2148 victi
1498 2107 1612 2157 sitis,

128 2174 246 2230 quod
280 2189 407 2214 causa
442 2173 708 2214 cecideritis.
759 2173 989 2227 Quomodo
1030 2173 1191 2214 cecidit
1225 2174 1299 2230 qui
1334 2189 1421 2215 non
1465 2175 1619 2215 stetit?

129 2241 360 2295 Quomodo
387 2241 526 2281 victus
552 2249 618 2281 est
642 2240 714 2297 qui
740 2257 827 2281 non
848 2241 1089 2298 pugnavit?
1115 2243 1167 2282 Et
1192 2242 1290 2298 quis
1318 2250 1510 2282 vestrum
1532 2249 1618 2282 tam

127 2324 320 2365 gravem,
348 2316 434 2348 tam
459 2309 621 2363 justam
650 2324 842 2358 causam,
870 2316 957 2348 tam
990 2316 1313 2349 sacrosanctam
1340 2308 1478 2348 oravit
1502 2307 1618 2365 apud

129 2376 311 2433 Regem,
337 2391 434 2416 cum
455 2384 599 2416 tamen
621 2376 975 2417 Praedecessores
995 2375 1145 2425 vestri,
1172 2391 1266 2416 eam
1289 2375 1333 2415 in
1353 2374 1485 2415 simili
1506 2376 1618 2432 peri-

128 2443 226 2484 culo
254 2443 554 2494 constitutam,
586 2459 674 2484 non
696 2444 830 2484 semel
860 2443 975 2500 apud
998 2443 1248 2499 superiores
1277 2442 1429 2484 Galliae
1456 2437 1615 2501 Reges,

170 2635 197 2663 1-
215 2634 314 2668 Yves,
332 2636 459 2674 eveque
475 2635 530 2664 clu
547 2644 612 2674 par
624 2635 654 2664 le
673 2635 788 2675 clerge
801 2635 840 2664 dc
855 2635 1017 2664 Chartres
1031 2639 1062 2664 et
1074 2635 1236 2664 canonis&
1250 2645 1314 2675 par
1330 2634 1483 2674 l'Eglise.
1497 2633 1618 2668 Quand

128 2675 289 2715 Philippo
305 2676 318 2704 Ι
337 2677 466 2715 epousa
488 2675 653 2705 Bel-trade
666 2676 705 2705 de
722 2677 897 2711 Montfort,
918 2677 940 2705 il
959 2677 1076 2705 refusa
1096 2676 1136 2705 de
1155 2686 1339 2705 consacrer
1361 2679 1447 2705 cette
1466 2675 1568 2704 union
1587 2678 1619 2704 et

129 2717 181 2746 fut
199 2720 278 2746 tenu
305 2716 392 2746 deux
414 2727 475 2746 ans
507 2728 547 2746 en
572 2717 691 2757 prison
711 2720 729 2747 ἐι
759 2717 988 2758 l'instigation
1019 2717 1064 2747 du
1086 2717 1135 2747 roi
1164 2727 1227 2757 par
1254 2717 1393 2757 Hugues
1419 2716 1463 2745 du
1489 2716 1617 2755 Puiset‚

130 2757 277 2788 vicomte
292 2757 333 2788 de
352 2757 528 2788 Chai-tres,
