1839 3049
673 179 813 210 BULLE
838 181 1005 210 ravam
1020 181 1181 209 DOMINI
1598 186 1657 215 109

237 256 346 297 Cum
375 265 518 297 autem
546 256 751 312 praefatus
785 257 879 297 Rex
913 256 1318 298 Christianissimus
1354 259 1507 300 codem
1539 262 1660 302 Reli-

177 321 323 381 gionis
370 323 464 363 zelo
507 323 663 364 ductus
710 339 788 379 per
838 339 962 364 suum
1008 324 1050 363 in
1091 325 1209 364 Urbe
1251 326 1481 366 Oratorem
1524 329 1659 368 Nobis

178 388 437 448 significari,
469 391 717 447 exponique
750 391 982 435 curaverit,
1015 391 1182 431 nullum
1217 392 1334 432 aliud
1369 396 1661 449 opportunius

178 456 422 498 remedium
449 458 668 514 pestiferae
693 458 824 514 hujus
853 458 1130 517 contagionis
1160 458 1359 515 reliquiis
1388 452 1661 517 extirpandis

179 523 382 565 adhiberi
416 540 563 581 posse,
589 541 718 581 quam
751 525 786 565 si
813 541 964 566 omnes
996 534 1159 566 certam
1190 526 1439 568 Formulam
1467 529 1662 568 subscri-

178 591 335 632 berent
361 601 511 633 nostra
542 592 799 633 auctoritate
828 593 1059 638 firmatam,
1095 593 1137 633 in
1168 609 1251 649 qua
1281 594 1474 651 quinque
1504 611 1662 652 propo-

179 658 361 700 sitiones
398 675 450 700 ex
479 660 674 701 Cornelii
707 660 901 701 Jansenii
930 660 1061 709 libro,
1094 660 1163 701 cui
1190 661 1344 702 titulus
1371 662 1660 720 Aztgzcslz'mts,

178 736 407 782 excerptas
448 726 619 768 sincere
666 727 947 777 damnarent,
989 743 1036 768 ac
1078 727 1265 784 proinde
1305 728 1423 769 illam
1464 746 1485 770 a
1527 730 1662 770 Nobis

178 793 439 850 quantocius
485 794 707 850 expediri,
754 795 807 836 ad
857 795 1064 851 qufelibet
1116 794 1278 853 effugia
1327 797 1660 852 praecludenda,

178 877 419 918 omnesque
446 862 735 903 removendos
765 863 989 909 obtentus,
1022 861 1299 921 flagitaverit.

236 929 324 970 Nos
360 937 449 969 tam
487 929 548 985 pii
588 929 694 970 dicti
734 929 869 987 Regis
911 929 1279 970 Christianissimi
1320 930 1432 971 votis
1471 931 1663 990 benigne

179 995 460 1036 annuendum
478 1012 574 1037 esse
590 996 818 1047 ducentes,
837 997 1089 1038 Formulam
1107 997 1433 1054 infrascriptam
1450 999 1502 1039 ab
1523 999 1664 1040 omni-

179 1064 261 1104 bus
301 1063 643 1113 Ecclesiasticis,
683 1064 814 1105 etiam
851 1064 1192 1106 venerabilibus
1233 1065 1463 1106 Fratribus
1502 1066 1664 1107 nostris

177 1130 541 1187 Archiepiscopis
585 1141 625 1172 et
669 1132 920 1188 EpiscopiS,
963 1148 1135 1172 necnon
1175 1132 1272 1173 aliis
1313 1132 1664 1190 quibuscumque

179 1198 481 1240 Ecclesiastici
508 1199 706 1246 Ordinis,
733 1208 821 1240 tam
855 1199 1149 1259 Regularibus
1183 1216 1312 1256 quam
1350 1200 1661 1246 Saecularibus,

180 1265 310 1308 etiam
338 1265 624 1316 Monialibus,
654 1266 922 1307 Doctoribus
955 1276 994 1307 et
1029 1266 1309 1318 Licenciatis,
1347 1267 1532 1324 aliisque
1569 1268 1664 1309 Col-

179 1333 397 1392 legiorum
437 1333 719 1383 Rectoribus,
765 1343 894 1390 atque
934 1334 1160 1392 Magistris
1203 1335 1423 1375 subscribi
1464 1335 1663 1376 districte

180 1400 454 1451 mandamus,
494 1400 627 1457 idque
666 1401 781 1442 intra
816 1411 906 1442 tres
944 1417 1117 1441 menses
1158 1418 1178 1442 a
1217 1402 1286 1442 die
1328 1402 1659 1458 publicationis,

181 1484 257 1510 seu
290 1467 604 1509 notificationis
638 1468 946 1524 praesentium3
983 1469 1089 1510 alias
1124 1479 1277 1510 contra
1311 1485 1400 1514 eos,
1443 1469 1516 1526 qui
1550 1470 1663 1511 intra

179 1535 417 1578 terminum
454 1535 713 1592 praedictum
750 1552 838 1577 non
874 1536 1119 1592 paruerint,
1160 1536 1529 1578 irremissibiliter
1567 1553 1664 1593 pro-

182 1604 278 1646 cedi
296 1604 496 1645 volumus
514 1605 637 1660 juxta
659 1604 904 1646 Canonicas
931 1604 1281 1646 Constitutiones
1301 1614 1339 1645 et
1365 1605 1664 1646 Conciliorum

181 1674 384 1714 Decreta.

512 1791 709 1816 FORMULA
742 1791 765 1816 A
800 1792 1069 1816 SUPRADICTIS
1105 1791 1334 1816 SCRIBENDA

244 1912 265 1933 «
299 1895 394 1952 Ego
430 1894 480 1934 N.
519 1893 836 1935 Constitutioni
872 1893 1138 1949 Apostolicae
1174 1892 1421 1933 Innocentii
1457 1894 1516 1936 X,
1558 1892 1666 1933 datae

185 1979 206 2000 «
242 1961 312 2002 die
331 1961 384 2002 31
409 1961 513 2002 Maii
538 1960 664 2011 1653,
684 1970 723 2002 et
748 1960 1065 2002 Constitutioni
1086 1960 1325 2001 Alexandri
1346 1961 1441 2009 VII,
1467 1959 1576 2000 datae
1596 1960 1665 2001 die

186 2047 206 2068 «
245 2028 297 2070 ‘16
334 2028 541 2070 Octobris
578 2027 705 2078 1656,
739 2029 1019 2069 Summorum
1054 2027 1318 2068 Pontificum
1354 2042 1420 2067 me
1459 2026 1662 2082 subjicio,

187 2114 207 2135 «
243 2105 285 2137 et
313 2096 507 2152 quinque
539 2095 868 2151 propositiones
901 2111 953 2135 ex
980 2094 1176 2135 Cornelii
1207 2093 1402 2135 Jansenii
1434 2093 1565 2143 libro,
1597 2093 1665 2133 cui

187 2180 207 2201 «
243 2179 417 2204 nomem
461 2162 748 2220 Augustinus,
792 2171 1038 2218 excerptaS,
1082 2171 1122 2202 et
1163 2161 1206 2201 in
1247 2177 1377 2201 sensu
1418 2161 1471 2200 ab
1512 2160 1665 2200 eodem

188 2248 208 2269 «
244 2239 420 2271 auctore
470 2229 656 2279 intento,
703 2239 833 2285 prout
875 2229 972 2269 illas
1013 2245 1092 2285 per
1134 2228 1273 2269 dictas
1317 2227 1665 2269 Constitutiones

188 2316 207 2337 «
247 2297 383 2339 Sedes
422 2297 679 2353 Apostolica
721 2296 958 2345 damnavit,
1005 2296 1177 2337 sincero
1217 2295 1361 2336 animo
1405 2295 1575 2350 rejicio,
1618 2310 1665 2335 ac

188 2383 208 2404 «
244 2365 420 2414 damno,
446 2373 487 2405 et
511 2364 570 2405 ita
590 2365 691 2420 juro
721 2380 727 2404 :
759 2364 832 2405 Sic
858 2379 924 2404 me
950 2365 1068 2404 Deus
1094 2363 1284 2418 adjuvet,
1325 2371 1364 2402 et
1391 2362 1482 2402 haec
1519 2371 1666 2402 sancta

188 2450 208 2471 «
243 2432 325 2473 Dei
352 2431 606 2489 Evangelia.
636 2449 657 2469 »

243 2501 545 2540 Decernentes
579 2498 760 2555 insuper
793 2506 1034 2554 praesentes
1069 2497 1256 2538 Litteras
1290 2512 1463 2552 semper
1498 2504 1539 2535 et
1572 2511 1667 2550 pcr-

186 2576 319 2623 petuo
336 2566 502 2607 validas
522 2575 563 2606 et
585 2565 783 2606 efficaces
807 2565 1011 2615 existere,
1035 2574 1074 2605 et
1096 2564 1203 2614 sore,
1224 2579 1413 2619 suosque
1435 2562 1605 2618 plenos,
1626 2570 1667 2602 ct

186 2635 385 2693 integros
409 2632 590 2674 effectus
613 2633 761 2674 sortiri
781 2642 820 2673 et
844 2632 1061 2673 obtinere.
1087 2631 1247 2687 Sicque
1268 2647 1346 2687 per
1366 2644 1665 2686 quoscumque

186 2701 363 2743 Judices
392 2700 652 2741 Ordinarios
685 2709 725 2741 et
753 2699 989 2758 Delegatos
1018 2699 1181 2755 ubique
1204 2698 1393 2754 judicari
1423 2706 1461 2738 et
1490 2695 1665 2736 definiri
