1839 3049
266 200 500 233 ABOLITION
525 200 605 231 DES
630 199 898 232 FRANCHISES
923 200 1032 231 DANS
1057 200 1107 231 LA
1134 201 1251 233 VILLE
1277 203 1330 233 DE
1358 203 1472 234 nom:

125 280 253 322 etiam
285 279 503 337 praedictat
534 278 668 320 Bullw
701 278 741 319 111
774 281 901 320 (Ῑιιὲηα
934 280 1144 329 Dmm‘m'1,
1177 296 1270 336 quac
1300 282 1418 322 firma
1446 291 1488 323 et
1520 283 1602 323 1111-

126 350 223 389 bata
249 364 295 389 ac
319 349 359 388 111
387 364 464 387 suo
490 347 646 387 robore
675 356 948 403 permaneat,
973 364 1123 387 01111105
1146 356 1187 387 vt
1210 349 1404 403 singulos
1430 350 1468 389 111
1496 366 1602 405 pru·-

123 416 252 457 dictis
278 415 679 457 Constitutionibus
708 416 1066 472 comprehensos,
1092 432 1365 473 quacumque
1390 417 1604 475 dignitate

124 493 166 525 et
183 484 441 526 auctoritate
460 491 546 524 tam
569 482 876 525 Ecclesiastica
899 499 1025 540 quam
1049 483 1256 525 Saeculari
1274 485 1602 545 prmfulgentes,

125 551 294 593 etiamsi
326 551 379 593 de
412 550 499 592 illis
538 550 767 608 specialis,
803 550 1030 608 specifica,
1068 567 1273 608 expressa
1306 561 1348 593 et
1385 553 1605 594 individua

125 620 289 661 mentio
325 619 521 661 facienda
555 627 693 670 esset,
729 619 804 676 qui
840 619 883 660 in
921 618 1112 660 futurum
1146 619 1190 660 in
1224 620 1304 660 hac
1334 620 1456 661 Alma
1488 621 1605 663 Urbe

124 687 422 739 Franchitias,
451 695 498 728 ut
530 686 674 746 Vulgo
706 686 914 728 dicuntur
943 712 1000 719 —
1033 688 1263 744 Quartc'eri
1284 714 1341 720 —-
1370 689 1531 730 habere
1564 697 1606 730 et

123 755 238 797 tueri
263 755 673 813 quomodocumque
697 763 979 813 praesument,
1004 772 1079 797 5011
1101 756 1394 813 praetendent,
1418 766 1487 798 aut
1511 757 1605 798 illa-

127 840 219 866 rum
247 832 459 881 praetextu
490 832 562 864 aut
594 823 699 864 alias
731 823 1066 880 quomodolibet
1091 824 1276 866 Justitiae
1304 825 1530 867 Ministros
1564 834 1606 867 et

126 908 276 934 eorum
299 892 618 942 mandatorum,
650 891 716 932 vel
738 891 942 933 ordinum
973 892 1154 933 liberam
1187 893 1490 935 executionem
1520 902 1606 935 tam

125 960 170 1001 in
198 959 499 1001 criminalibus
523 975 651 1017 quam
674 960 718 1000 in
744 958 945 1001 civilibus
968 960 1198 1018 impedire,
1222 962 1497 1018 perturbare,
1520 962 1608 1003 sive

125 1044 205 1086 per
230 1045 292 1079 se,
318 1028 407 1069 sive
434 1044 513 1085 per
536 1027 644 1069 alios
674 1027 857 1078 directe,
882 1028 949 1069 vel
980 1027 1194 1069 indirecte
1222 1029 1302 1070 sub
1333 1045 1608 1086 quocumque

124 1099 254 1141 titulo
277 1099 344 1140 vel
373 1099 519 1140 colore
548 1099 799 1150 tentabunt,
834 1099 899 1139 vel
931 1099 1095 1140 eisdem
1126 1100 1527 1142 Constitutionibus
1556 1101 1608 1141 ad

126 1183 317 1226 unguem
344 1183 430 1208 non
455 1167 688 1224 parebunt,
717 1175 849 1224 prout
874 1167 1002 1208 etiam
1025 1166 1139 1217 illos,
1168 1168 1242 1225 qui
1268 1167 1311 1208 in
1340 1168 1488 1210 eadem
1517 1169 1608 1210 loca

127 1243 278 1276 contra
304 1235 478 1276 easdem
505 1234 856 1276 Constitutiones
881 1251 925 1276 se
951 1235 1183 1292 recipient,
1208 1237 1295 1277 sive
1318 1237 1371 1278 ad
1393 1253 1439 1278 ca
1463 1237 1610 1278 confu-

127 1303 265 1360 gient,
291 1303 404 1344 ultra
430 1318 580 1360 poenas
603 1302 647 1343 in
675 1302 842 1343 eisdem
872 1303 1275 1345 Constitutionibus
1307 1313 1535 1346 contentas
1567 1306 1607 1346 in

129 1370 590 1412 excommunicationis
623 1370 829 1426 majorisQ
856 1386 903 1411 ac
932 1371 1026 1411 latre
1055 1373 1283 1413 sententiaer
1311 1389 1484 1431 poenam
1515 1374 1610 1431 ipso

128 1439 242 1480 facto
261 1438 473 1489 incidere,
497 1454 517 1479 a
537 1455 620 1496 qua
640 1454 725 1479 non
749 1454 828 1495 per
845 1438 976 1479 alium
999 1455 1127 1497 quam
1145 1457 1223 1498 per
1241 1443 1345 1493 Nos,
1365 1458 1440 1484 seu
1458 1444 1610 1484 Roma-

129 1523 209 1548 nos
234 1507 471 1548 Pontifices
502 1507 789 1548 Successores
816 1516 989 1548 nostros
1021 1524 1101 1565 pro
1128 1517 1326 1566 tempore
1354 1510 1607 1561 existentes,

129 1574 213 1616 nisi
233 1575 278 1616 in
303 1575 453 1616 mortis
479 1574 662 1616 articulo
683 1574 768 1632 ipsi
792 1575 953 1617 fuerint
976 1577 1220 1629 constituti,
1246 1579 1375 1619 etiam
1400 1587 1608 1636 praaetextu

129 1643 425 1701 quarumlibet
454 1643 704 1685 facultatum
732 1652 774 1684 et
798 1644 1071 1685 lndultorum
1101 1662 1412 1688 concessorum
1435 1647 1611 1705 quibus-

130 1726 314 1768 cumque
331 1711 532 1769 personis
555 1711 894 1762 EcclesiasticiS,
911 1713 1040 1754 etiam
1059 1715 1237 1770 speciali
1260 1724 1359 1756 nota
1380 1724 1421 1756 et
1440 1732 1612 1773 expres-

131 1779 253 1820 sione
275 1779 421 1838 dignis
444 1779 752 1830 Saecularibus,
773 1789 814 1821 et
835 1796 1213 1839 quorumcumque
1236 1783 1451 1824 Ordinum
1474 1786 1612 1841 Regu-

130 1846 297 1888 laribus
321 1847 486 1889 absolvi
515 1847 703 1904 possint,
734 1847 1013 1890 decernimus
1039 1857 1081 1890 et
1103 1849 1392 1894 declaramus.

190 1916 286 1957 Non
344 1915 621 1956 obstantibus
675 1915 1079 1957 Constitutionibus
1143 1925 1186 1958 et
1247 1918 1612 1960 Ordinationibus

132 1982 414 2040 Apostolicis,
445 1983 688 2041 privilegiis
723 2000 899 2041 quoque
932 1992 974 2025 et
1005 1984 1191 2026 Indultis
1223 1987 1303 2027 sub
1341 2002 1612 2044 quacumque

132 2051 363 2093 verborum
404 2051 555 2102 forma,
601 2052 932 2109 quomodolibet
971 2052 1014 2093 in
1060 2054 1326 2095 contrarium
1373 2055 1610 2106 concessis,

134 2119 402 2162 confirmatis
427 2128 469 2161 et
491 2119 658 2161 iteratis
682 2119 851 2160 vicibus
878 2120 1111 2169 innovatis,
1134 2123 1362 2178 pra‘tensis
1385 2132 1612 2164 consuetu-

134 2187 333 2238 dinibus,
372 2187 459 2229 sive
495 2188 643 2245 potius
683 2188 968 2244 corruptelis,
1003 2197 1153 2230 contra
1193 2206 1321 2231 omne
1354 2193 1427 2232 Jus
1465 2192 1614 2247 fasque

134 2255 467 2313 quomodolibet
496 2255 774 2306 introductis,
801 2272 906 2312 quas
932 2272 1011 2313 per
1032 2266 1269 2314 praesentes
1298 2258 1612 2315 improbamus,

134 2324 423 2374 annullamus,
443 2340 661 2365 cassamus
689 2333 818 2381 atque
846 2324 1083 2375 irritamus,
1103 2325 1360 2384 caeterisque
1385 2327 1615 2368 contrariis

134 2392 500 2448 quibuscumque.

193 2461 249 2502 Ut
279 2469 420 2501 antem
450 2470 688 2517 prsesentes
723 2460 774 2502 ad
809 2460 1007 2502 notitiam
1042 2461 1235 2502 omnium
1269 2470 1311 2503 et
1344 2463 1615 2519 singulorum

137 2525 426 2579 deducantur,
463 2544 533 2569 eas
567 2528 698 2569 valvis
735 2528 940 2570 Ecclesiae
981 2528 1129 2570 Sancti
1154 2530 1333 2571 Joannis
1357 2532 1612 2572 Lateranen.

179 2645 208 2675 'l.
233 2645 314 2675 Voir
331 2649 350 2675 ἐι
368 2657 404 2676 00
428 2646 516 2687 sujct
541 2647 705 2687 l'opinion
725 2648 770 2677 du
794 2648 1002 2685 Parlcment,
1026 2648 1095 2677 tres
1120 2648 1342 2689 longucment
1366 2649 1509 2687 exposce
1531 2647 1616 2676 (lans

139 2686 188 2716 les
207 2686 294 2716 deux
310 2688 424 2728 pieces
443 2689 499 2729 qui
519 2689 667 2719 suivent.

179 2729 208 2760 2.
234 2728 328 2759 Cette
356 2731 512 2760 sanction
541 2731 580 2760 de
610 2730 966 2762 l'excommunication
994 2740 1034 2760 ne
1062 2730 1203 2769 figurait
1229 2741 1292 2771 pas
1318 2730 1402 2760 dans
1430 2730 1479 2760 105
1506 2729 1616 2760 bnllcs

140 2769 363 2801 anterieures.
