1839 3049
217 208 257 237 2ss
344 208 396 238 LA
418 199 603 240 REGALE.
628 226 663 231 -
688 208 764 238 LES
787 199 997 239 LIBERTES
1022 208 1075 239 DE
1098 200 1289 240 L’ssGLisE
1313 210 1551 241 GALLICANE

218 425 383 467 CLERI
418 426 721 468 GALLICANI
756 428 828 468 DE
865 427 1311 470 ECCLESIASTICA
1343 427 1679 470 POTESTATE

765 539 1129 581 DECLARATIO

278 720 484 761 Ecclesiae
527 721 761 762 Gallicanae
800 721 975 762 decreta
1029 729 1070 761 et
1110 721 1334 762 libertates
1382 736 1403 761 a
1445 721 1681 777 majoribus

219 787 380 827 nostris
425 795 545 828 tanto
584 787 728 828 studio
759 796 1071 844 propugnataS,
1112 803 1345 844 earumque
1383 788 1679 839 fundamenta,

220 854 350 896 saeris
383 855 633 896 Canonibus
668 864 709 896 et
736 857 911 896 Patrum
948 855 1183 896 traditione
1218 856 1315 896 nixa
1350 855 1472 896 multi
1510 855 1682 896 diruere

220 923 456 963 moliuntur
489 940 496 962 :
532 939 611 963 nec
644 923 803 963 desunt
839 924 911 979 qui
950 939 1095 963 earum
1131 924 1311 964 obtentu
1352 924 1590 965 Primatum
1628 924 1678 964 B.

220 990 335 1032 Petri
352 992 532 1047 ejusque
549 1006 848 1031 successorum
872 992 1164 1032 Romanorum
1182 990 1441 1032 Pontificum
1464 1007 1486 1031 a
1507 991 1683 1032 Christo

219 1058 482 1107 institutum,
506 1057 645 1114 iisque
665 1057 856 1099 debitam
878 1057 930 1097 ab
955 1058 1158 1098 omnibus
1184 1057 1445 1099 Christianis
1479 1057 1684 1099 obedien-

218 1126 339 1174 tiam,
386 1125 599 1181 Sedisque
638 1125 917 1182 Apostoliea‘,
958 1124 1002 1166 in
1047 1141 1129 1182 qua
1182 1124 1291 1165 fides
1333 1124 1595 1182 praedicatur
1642 1134 1685 1167 et

220 1193 361 1233 unitas
405 1200 598 1232 servatur
640 1192 867 1243 Ecclesiae‚
912 1192 1191 1233 reverendam
1234 1193 1437 1234 omnibus
1477 1193 1684 1250 gentibus

219 1262 486 1315 majestatem
506 1260 763 1301 imminuere
780 1276 867 1301 non
888 1268 1133 1301 vereantur.
1154 1259 1358 1301 IIferetici
1379 1276 1553 1316 quoque
1575 1259 1684 1302 nihil

219 1327 574 1383 praetermittunt.
622 1342 706 1382 quo
752 1343 844 1367 eam
889 1335 1166 1383 potestatem,
1224 1329 1306 1382 qua
1352 1342 1434 1383 pax
1480 1326 1685 1368 Ecclesiae

221 1395 483 1444 continetur,
516 1394 771 1435 invidiosam
797 1403 838 1435 et
862 1410 1035 1452 gravem
1064 1394 1256 1452 Regibus
1281 1402 1323 1434 et
1344 1394 1516 1451 populis
1537 1403 1686 1436 osten-

221 1470 330 1512 tent,
359 1463 498 1518 iisque
525 1461 747 1502 fraudibus
775 1461 996 1519 simplices
1027 1463 1191 1503 animas
1220 1462 1272 1502 ab
1301 1461 1506 1502 Ecclesiae
1535 1461 1685 1503 matris

223 1529 474 1586 Christique
497 1529 604 1570 adeo
625 1530 928 1570 communione
954 1530 1209 1571 dissociem.

281 1600 386 1652 Quae
417 1606 463 1638 ut
491 1597 766 1638 incommoda
798 1598 1127 1654 propulsemus,
1159 1599 1246 1639 Nos
1278 1596 1612 1653 Archiepiscopi
1646 1605 1688 1638 et

225 1663 452 1723 Episcopi,
497 1664 674 1709 Parisiis
720 1665 922 1705 mandato
959 1665 1080 1723 regio
1122 1662 1398 1722 congregati,
1447 1663 1687 1705 Ecclesiam

224 1733 489 1775 Gallicanam
520 1741 905 1789 reprzrsentantes,
935 1735 1016 1773 una
1047 1749 1143 1774 cum
1172 1731 1339 1772 caeteris
1366 1731 1687 1773 Ecclesiasticis

222 1800 325 1841 viris
353 1801 580 1841 nobiseum
606 1799 841 1858 deputatis,
864 1799 1066 1857 diligenti
1090 1808 1275 1840 tractatu
1307 1799 1459 1841 habito
1481 1800 1572 1840 haec
1596 1815 1688 1840 sau—

225 1868 377 1909 cienda
407 1876 449 1909 et
479 1867 740 1911 declaranda
765 1883 860 1909 esse
886 1867 1103 1909 duximus.

947 2158 962 2198 Ι

287 2268 476 2310 Primum
510 2269 558 2309 Β.
593 2269 743 2315 Petro,
778 2270 957 2324 ejusque
991 2267 1318 2309 suecessoribus
1359 2269 1522 2309 Christi
1564 2268 1691 2312 Vica-

226 2335 323 2385 riis,
359 2335 530 2392 ipsique
565 2335 790 2385 Eeclesize,
820 2350 962 2376 rerum
997 2334 1287 2391 spiritualium
1322 2344 1364 2377 et
1397 2335 1450 2376 ad
1486 2344 1689 2378 aeternam

229 2403 409 2444 salutem
437 2402 766 2458 pertinentium,
798 2419 882 2442 non
920 2411 1060 2443 autem
1087 2401 1276 2444 civilium
1310 2419 1358 2444 ac
1386 2403 1691 2460 temporalium

229 2487 250 2511 a
273 2472 365 2511 Deo
388 2470 588 2511 traditam
615 2478 891 2528 potestatem,
920 2469 1090 2511 dicente
1119 2470 1324 2521 Domino,
1349 2487 1529 2528 regnum
1553 2487 1689 2512 meum

230 2554 311 2578 non
347 2547 407 2577 est
442 2539 492 2578 (le
519 2537 595 2578 llos:
629 2537 816 2589 mundo‚·
852 2546 893 2577 et
932 2537 1110 2587 iterum,
1142 2538 1304 2578 reddite
1335 2555 1434 2596 ergo
1468 2554 1561 2596 quoe
1593 2548 1694 2580 sunt

232 2605 415 2646 Caesaris
440 2605 604 2646 Cwsarc'
626 2615 663 2645 et
683 2622 776 2663 ‘l¹‘¹'‘'
793 2616 891 2646 sunl
913 2607 990 2645 Dei
1007 2607 1119 2646 Deo:
1143 2621 1190 2646 ac
1214 2605 1398 2662 proinde
1423 2614 1536 2647 stare
1556 2606 1692 2662 Apos-

230 2672 406 2713 tolicum
462 2672 591 2717 illud,
645 2676 781 2713 omnis
831 2676 977 2713 anima
1024 2672 1311 2729 poles-talibus·
1371 2672 1694 2713 sublilm'oribns

231 2740 401 2779 sulnlila
435 2743 504 2788 sit,
534 2756 617 2780 non
644 2751 705 2780 es!
737 2743 847 2781 enim
874 2750 1066 2796 poles-tas
1096 2743 1181 2780 nis-1⁴
1203 2757 1227 2780 a
1258 2729 1344 2781 Deo
1370 2756 1381 2780 .·
1413 2740 1518 2795 Qua?
1548 2749 1692 2780 autem
