1839 3049
285 176 522 208 ABOLITION
548 177 628 207 DES
654 176 922 208 FRANCHISES
947 177 1057 208 DANS
1082 178 1133 208 LA
1160 178 1282 208 VILLE
1308 178 1361 208 DE
1388 178 1504 210 ROME
1591 182 1628 210 73

149 253 404 305 modolibet,
424 262 470 295 ut
491 253 772 311 praemittitur
792 254 1102 312 impedientes,
1129 271 1297 296 necnon
1322 255 1395 313 qui
1419 256 1629 298 Cardina-

146 322 253 364 lium
276 330 320 364 et
341 323 574 364 Oratorum
601 338 676 363 seu
704 324 956 381 Magnatum
986 323 1284 380 quorumlibet
1308 340 1466 364 nomen
1491 325 1629 365 accla-

146 390 328 442 mando,
365 399 517 432 contra
555 390 697 431 dictos
734 391 917 431 Justitiae
961 391 1188 432 Ministros
1229 392 1524 433 invocaverint
1560 402 1632 435 aut

146 459 250 500 alias
297 458 519 516 quoslibet
559 459 666 500 alios
714 459 758 500 in
802 459 980 500 eosdem
1023 459 1250 500 Ministros
1296 459 1628 511 concitaverint,

145 526 263 569 velut
287 526 484 568 criminis
509 527 620 569 laesae
645 526 888 584 Majestatis
912 528 992 568 Dei
1021 526 1255 585 condignis
1283 528 1422 584 poenis
1445 528 1630 569 affician—

144 603 230 646 tur,
256 602 405 636 contra
434 611 544 652 quos
573 611 724 636 omnes
757 604 800 636 et
829 595 1027 653 singulos
1053 595 1105 636 ad
1134 595 1407 652 supradictas
1438 604 1479 636 et
1501 595 1629 637 etiam

146 662 199 704 ad
229 662 334 704 alias
362 679 513 719 poenas
540 664 580 704 in
608 664 768 721 quibus
799 664 1098 705 malefactores
1120 663 1205 720 ipsi
1231 664 1511 705 condemnati
1541 665 1629 705 sue-

145 730 234 771 rint
261 730 327 772 vel
356 747 463 788 quas
486 732 801 788 promoverint,
831 731 1133 789 interesseque
1164 740 1205 772 et
1230 732 1383 772 damna
1412 732 1512 772 inde
1536 749 1630 789 pro-

144 798 362 840 venientia
401 815 574 840 necnon
615 800 667 841 ad
707 800 975 841 creditorum
1021 799 1363 841 satisfactionem
1405 800 1533 841 etiam
1580 817 1629 841 ex

146 866 302 908 Officio
330 876 372 908 et
400 868 453 908 ad
484 869 599 909 Fisci
629 868 766 909 nostri
796 885 843 910 ac
875 868 1063 925 partium
1094 867 1351 909 instantium
1387 869 1628 925 respective

144 935 310 992 inquiri
342 944 385 977 et
422 936 602 993 procedi
638 945 679 977 et
714 937 960 978 successive
997 953 1070 978 eos
1108 936 1391 977 condemnari
1426 952 1555 993 posse
1589 945 1630 977 et

145 1003 306 1045 debere
330 1004 530 1045 volumus
558 1012 688 1062 atque
713 1005 993 1046 decernimus
1022 1022 1030 1045 ε
1063 1004 1319 1045 mandantes
1344 1003 1629 1045 nihilominus

145 1071 474 1124 Cardinalibus,
507 1073 768 1114 Oratoribus
795 1082 837 1114 et
867 1073 961 1114 aliis
993 1072 1214 1130 praedictis
1241 1073 1320 1113 sub
1346 1072 1496 1113 eadem
1528 1088 1629 1113 nos-

143 1148 220 1181 trae
260 1139 580 1197 indignationis
622 1157 771 1198 poena,
815 1150 861 1182 ut
911 1142 1090 1182 omnino
1139 1141 1402 1181 admoneant
1447 1149 1488 1181 et
1531 1156 1627 1181 cum

145 1207 304 1250 effectu
328 1209 578 1259 cohibeant,
604 1225 747 1266 neque
774 1226 852 1267 per
876 1210 974 1251 illos
1000 1209 1165 1266 aliquid
1189 1209 1241 1250 de
1270 1208 1505 1266 praunissis
1535 1208 1626 1249 fieri

144 1275 298 1334 quovis
326 1276 455 1318 modo
484 1277 677 1319 tolerent
704 1293 778 1319 seu
807 1277 1077 1334 permittant.

201 1346 297 1388 Non
319 1346 598 1387 obstantibus
621 1346 1021 1387 Constitutionibus
1042 1354 1084 1387 et
1105 1344 1470 1387 Ordinationibus
1489 1345 1625 1402 Apos-

142 1412 305 1464 tolicis,
332 1413 577 1471 privilegiis
605 1430 780 1471 quoque
811 1423 853 1456 et
878 1414 1064 1456 Indultis
1093 1415 1173 1455 sub
1198 1430 1471 1487 quacumque
1502 1422 1624 1454 teno-

142 1497 237 1522 rum
257 1447 394 1523 fo'rma
418 1482 783 1539 quomodolibet
774 1499 816 1523 1n
840 1483 1106 1524 contraiium
1128 1482 1368 1533 concessis,
1394 1481 1626 1522 confirma-

142 1549 220 1604 tis,
257 1558 300 1591 et
335 1550 501 1592 iteratis
536 1551 705 1592 vicibus
739 1550 979 1602 innovatis,
1016 1550 1192 1592 asseitis
1230 1549 1624 1591 consuetudinibus

145 1633 250 1674 quas
278 1634 357 1675 per
384 1628 623 1675 przesentes
650 1621 966 1677 improbamus,
989 1619 1245 1676 ceterisque
1275 1618 1506 1660 contiaiiis
1534 1618 1625 1675 qui-

144 1686 430 1744 buscumque.
484 1688 602 1730 Nulli
658 1705 762 1746 ergo
816 1689 994 1729 omnino
1055 1688 1279 1728 hominum
1334 1687 1464 1727 liceat
1514 1687 1626 1727 hanc

144 1755 347 1813 paginam
390 1764 550 1797 nostrae
599 1757 950 1814 approbationis,
996 1755 1312 1806 innovationis,
1363 1754 1623 1803 sanctionis,

143 1822 401 1875 voluntatis,
435 1824 635 1875 Decreti,
670 1825 888 1875 mandati,
929 1834 971 1866 et
1010 1823 1348 1881 improbationis
1386 1822 1626 1880 infringere

143 1890 209 1932 vel
232 1890 271 1932 ei
299 1908 403 1933 ausu
430 1893 662 1934 temerario
692 1892 924 1934 contraire.
951 1893 995 1935 Si
1018 1893 1115 1950 quis
1141 1901 1282 1933 autem
1308 1893 1390 1932 hoc
1412 1898 1625 1932 attentare

143 1959 492 2017 praesumpserit,
524 1961 874 2019 indignationem
910 1961 1238 2017 Omnipotentis
1274 1959 1353 2001 Dei
1389 1976 1436 2000 ac
1471 1960 1625 2000 Beato-

145 2043 238 2068 rum
260 2029 378 2070 Petri
400 2037 443 2070 et
460 2029 583 2071 Pauli
605 2030 917 2087 Apostolorum
941 2031 1033 2086 ejus
1060 2045 1105 2070 se
1133 2028 1302 2070 noverit
1329 2029 1620 2069 incursurum.

145 2097 301 2137 Datum
322 2099 469 2139 Romae
492 2098 606 2155 apud
623 2100 668 2140 S.
694 2100 889 2148 Petrum,
907 2098 1034 2139 Anno
1051 2097 1368 2138 Incarnationis
1389 2095 1625 2138 Dominieze

146 2164 377 2206 millesimo
405 2165 762 2224 quingentesimo
783 2166 1054 2224 sexagesimo
1071 2167 1228 2223 primo,
1250 2164 1508 2206 duodecimo
1526 2164 1621 2205 Kal.

145 2232 290 2274 Martii
317 2234 604 2275 Pontificatus
633 2235 772 2276 nostri
802 2251 915 2275 anno
943 2235 1085 2275 tertio.
1118 2252 1137 2273 >³

205 2301 460 2343 successive
480 2303 562 2359 pize
583 2303 801 2344 memoriae
821 2303 1062 2361 Gregorius
1079 2319 1189 2360 papa
1207 2304 1323 2351 XIII,
1346 2302 1498 2344 itidem
1516 2303 1623 2343 Prae-

147 2367 352 2410 decessor
397 2379 561 2425 noster,
607 2371 950 2429 promulgaverit
995 2372 1164 2413 Bullam
1208 2372 1336 2427 hujus
1372 2370 1537 2412 tenoris
1583 2379 1626 2412 et

148 2435 292 2478 formae
314 2453 470 2496 nempe
497 2456 504 2479 :

207 2523 227 2546 «
258 2506 498 2566 Gregorius
529 2509 764 2565 episcopus
801 2524 950 2549 servus
985 2524 1206 2549 servorum
1240 2507 1335 2549 Dei.
1368 2508 1434 2548 Ad
1463 2523 1620 2564 perpe-

146 2579 262 2613 tuam
288 2573 349 2615 rei
372 2575 642 2616 memoriam.
669 2578 721 2617 Et
745 2575 837 2633 ipsa
860 2577 971 2617 ratio
994 2585 1035 2616 et
1063 2592 1166 2616 usus
1189 2576 1316 2617 docet
1341 2576 1450 2616 nihil
1474 2576 1619 2632 perni-

147 2640 307 2682 ciosius
332 2641 377 2683 in
406 2644 590 2684 Civitate
619 2644 875 2701 contingere
903 2660 1032 2701 posse
1057 2660 1184 2700 quam
1214 2645 1407 2700 Leguin,{
1426 2643 1619 2685 Judicio-

147 2723 328 2766 rumque
347 2711 727 2768 impedimentum.
751 2711 879 2764 Quod
901 2711 1058 2752 malum
1077 2711 1180 2751 satis
1204 2720 1451 2768 opportune
1474 2711 1619 2768 prohi-
