1839 3049
247 202 482 233 ABOLITION
508 201 588 232 DES
614 200 881 232 FRANCHISES
906 201 1017 231 DANS
1043 202 1093 232 LA
1121 202 1244 233 VILLE
1270 204 1323 234 DE
1350 204 1466 235 ROME
1558 208 1596 234 151)

114 279 231 322 Petri
251 287 294 321 et
313 279 451 330 Pauli,
467 295 515 320 ac
534 286 599 320 tot
619 279 858 335 Martyrum
884 278 1107 334 Sanguine
1127 288 1424 321 consecratam
1450 280 1492 322 in
1513 297 1594 337 qua

115 349 318 390 Summus
350 347 551 389 Pontifex
578 362 673 387 cum
698 347 832 387 Sacro
860 345 1156 387 Cardiualium
1187 347 1385 406 Collegio
1414 348 1592 399 residet,

112 424 155 457 et
184 415 238 457 ad
267 430 396 472 quam
427 431 480 456 ex
509 413 713 455 omnibus
745 413 898 455 Mundi
930 414 1129 471 partibus
1161 414 1294 456 veluti
1329 415 1381 456 ad
1419 418 1595 457 Portum

113 483 446 526 saluberrimum
493 483 659 524 Gentes
696 480 945 532 confluunt,
985 497 1079 538 quae
1120 482 1311 540 denique
1354 485 1596 525 communis

112 552 307 594 omnium
340 551 486 593 Patria
524 559 743 601 censetur,
779 566 874 591 esse
908 549 1016 607 ipsis
1054 550 1310 592 facinorosis
1344 542 1596 593 hominibus

112 637 308 662 vacuam.

174 690 288 731 Sane
316 704 411 731 cum
438 705 458 730 a
483 686 667 729 diversis
694 686 982 728 Pontificibus
1009 687 1414 729 Praedecessoribus
1434 688 1595 730 nostris

112 757 260 815 plures
272 757 622 799 Constitutiones
639 755 844 797 adversus
862 754 1129 806 Homicidas,
1146 755 1353 806 Sicarios,
1369 757 1592 806 Latrones,

115 824 380 883 Sacrilegos,
410 827 642 882 Raptores,
672 824 867 880 aliosque
897 823 1166 864 facinorosos
1198 824 1414 873 homines,
1447 840 1595 865 eorum

113 910 197 951 que
233 895 442 936 Fautores
485 901 528 933 et
573 894 907 949 Receptatmes,
943 890 1037 932 sinc
1079 892 1237 948 quibus
1279 892 1595 949 Delinqucntes

113 961 276 1002 diutius
298 963 434 1003 latere
456 977 542 1001 non
567 968 768 1018 possunt,
793 959 920 1000 editae
940 959 1117 1009 suerint,
1146 975 1240 1016 quae
1264 960 1329 1000 vel
1349 969 1595 1017 temporum

112 1028 343 1086 iniquitate
364 1029 430 1070 vel
453 1029 506 1070 ad
529 1029 700 1069 senium
722 1036 765 1069 et
784 1043 987 1069 occasum
1008 1027 1230 1085 vergentis
1254 1028 1399 1069 saeculi
1419 1044 1595 1085 corrup-

110 1096 212 1148 tela,
248 1105 320 1138 aut
356 1097 690 1154 Magistratuum
724 1094 994 1152 negligentia
1030 1094 1171 1136 minus
1207 1096 1516 1136 custodiuntur
1555 1105 1597 1137 et

110 1165 413 1216 observantur,
438 1154 488 1206 ac
518 1164 606 1205 fere
630 1164 674 1204 in
698 1162 1033 1204 desuetudinem
1063 1162 1267 1204 abierunt
1290 1180 1297 1204 :
1329 1179 1473 1220 operae
1496 1180 1594 1221 pre-

110 1233 218 1274 tium
244 1232 494 1274 censuimus
518 1231 866 1274 Constitutiones
891 1231 1008 1288 ipsas
1032 1232 1277 1288 approhare
1305 1240 1347 1272 et
1369 1231 1593 1282 innovare,

111 1310 241 1359 prout
264 1300 359 1342 illas
385 1310 504 1342 motu
522 1301 702 1358 proprio
722 1308 764 1340 et
782 1316 834 1340 ex
852 1307 968 1340 certa
992 1298 1191 1349 scientia,
1211 1315 1307 1340 cum
1329 1300 1532 1341 omnibus
1555 1309 1597 1340 et

113 1368 298 1427 singulis
339 1368 538 1411 censuris
580 1377 623 1409 et
659 1368 801 1425 poenis
845 1366 889 1407 in
928 1366 990 1408 eis
1030 1368 1249 1408 contentis
1294 1369 1446 1409 harum
1485 1369 1595 1408 serie

112 1438 405 1495 approbamus
426 1446 468 1478 et
490 1437 762 1478 innovamus
788 1437 840 1476 Et
858 1435 1040 1492 insuper
1062 1436 1162 1492 quia
1185 1435 1311 1491 (sicut
1333 1436 1596 1492 accepimus)

112 1505 400 1563 quorumdam
419 1521 468 1546 eo
490 1520 629 1561 usque
656 1503 874 1561 processit
903 1503 1079 1544 licentia
1102 1512 1148 1544 ut
1173 1520 1259 1544 non
1283 1503 1422 1545 solum
1447 1503 1595 1544 Homi-

111 1573 229 1615 cidas
246 1581 288 1615 et
306 1573 597 1615 Facinorosos
617 1588 663 1614 ac
691 1572 798 1612 alios
818 1571 1052 1628 praedictos
1077 1580 1228 1613 contra
1247 1572 1358 1628 juris
1378 1580 1420 1612 et
1441 1573 1595 1613 Sacra-

113 1658 206 1683 rum
241 1641 616 1684 Constitutionum
648 1639 958 1698 praedictarum
994 1639 1340 1696 prohibitionem
1372 1648 1595 1696 receptare

112 1710 320 1761 audeant,
357 1709 434 1751 sed
469 1709 598 1750 etiam
633 1710 796 1750 Domos
833 1724 954 1758 suaS,
992 1723 1162 1749 necnon
1199 1708 1287 1748 vias
1321 1707 1520 1764 publicas
1554 1715 1598 1748 et

111 1778 292 1835 plateas,
317 1794 412 1835 quae
434 1776 550 1818 circa
571 1778 734 1818 Domos
757 1784 858 1817 sunt
884 1775 1162 1817 Facinorosis
1188 1774 1295 1833 ipsis
1318 1783 1457 1816 tutum
1485 1774 1594 1816 refu-

111 1845 231 1903 gium
255 1853 298 1886 et
319 1846 442 1903 quasi
466 1847 644 1887 Portum
667 1860 762 1886 esse
786 1844 936 1894 velint,
963 1844 1146 1902 signatis
1172 1843 1301 1885 etiam
1328 1842 1595 1884 Franchitia-

113 1903 205 1955 rum
240 1913 417 1955 nomine
455 1913 779 1970 quodammodo
815 1911 1029 1954 limitibus
1071 1911 1113 1953 in
1146 1913 1228 1963 via,
1267 1928 1375 1969 quos
1411 1911 1595 1953 Justitiae

113 1981 323 2023 ministris
349 1981 522 2040 ingredi
544 1997 630 2023 non
659 1981 805 2022 liceat.

170 2051 258 2092 Nos
299 2050 592 2091 abominabile
633 2058 673 2090 et
713 2048 1020 2090 detestandum
1056 2047 1405 2090 Franchitiarum
1444 2047 1594 2102 hujus-

115 2117 231 2158 modi
269 2134 426 2159 nomen
459 2117 636 2174 penitus
673 2117 898 2158 abolemus
933 2124 976 2157 et
1012 2124 1226 2173 perpetuo
1260 2114 1471 2156 abolitum
1507 2114 1594 2155 fore

114 2184 405 2227 decernimus.
440 2186 650 2229 Volumus
688 2193 831 2226 autem
869 2200 1095 2225 causarum
1133 2182 1394 2240 Capitalium
1431 2181 1594 2223 Judici-

113 2253 214 2303 buS‚
248 2254 495 2305 Barisellis,
527 2253 867 2312 Apparitoribus
890 2261 932 2293 et
962 2252 1057 2293 aliis
1085 2251 1269 2293 Justitiae
1303 2250 1524 2292 Praefcctis
1554 2258 1596 2290 et

112 2320 342 2373 Ministris,
369 2338 667 2379 quascumque
699 2322 788 2362 vias
819 2328 862 2361 et
893 2320 1076 2377 plateas,
1106 2319 1241 2360 *Edcs
1277 2326 1319 2359 et
1349 2320 1512 2359 Domos
1542 2317 1595 2358 ad

115 2385 417 2442 requirendOS,
445 2387 682 2444 capiendos
713 2395 754 2427 et
787 2384 949 2426 debitis
975 2385 1115 2442 poenis
1145 2383 1398 2425 afficiendos
1430 2382 1593 2424 facino-

112 2469 232 2494 rosos
258 2454 473 2505 homines,
498 2455 585 2505 die,
618 2463 837 2512 noctuque
864 2454 1025 2495 liberas
1053 2461 1095 2493 et
1120 2460 1292 2509 apertas
1325 2467 1436 2492 esse.

173 2521 218 2562 Si
241 2522 337 2579 quis
360 2531 504 2564 autem
527 2531 623 2580 post
647 2524 775 2579 hujus
799 2531 957 2563 nostrae
974 2520 1210 2562 voluntatis
1234 2518 1590 2567 declarationem,

114 2589 384 2630 Franchitias
426 2589 679 2647 hujusmodi
716 2590 858 2632 adhue
894 2590 1057 2630 habere
1093 2597 1135 2629 ct
1168 2586 1297 2637 tueri,
1338 2602 1385 2627 ae
1420 2585 1589 2626 illorum

113 2664 323 2713 praetextu
346 2667 418 2699 aut
442 2659 546 2699 alias
576 2658 908 2715 quomodolibet
934 2656 1117 2699 Justitiae
1148 2654 1390 2704 Ministros,
1424 2654 1465 2694 in
1492 2669 1591 2694 cxc-

113 2724 288 2766 cutionc
335 2742 485 2768 eorum
533 2725 675 2767 Officii
723 2725 936 2784 impedire
984 2723 1337 2782 praesumpserit,
1382 2721 1510 2763 ctiam
1556 2720 1589 2761 si
