1839 3049
213 166 252 223 ⁵48
343 192 396 222 LA
423 182 591 222 RaGALE
614 207 654 212 -
676 189 755 219 LEs
778 178 990 218 LIBERTES
1014 187 1069 217 DE
1093 177 1286 217 L'E'GLISE
1310 184 1552 216 GALLmANE

216 285 313 310 cum
344 268 606 316 sentientes,
641 281 734 306 eam
763 279 892 321 quam
918 262 1135 304 communi
1171 261 1355 303 consilio
1388 259 1698 317 divulgandam

216 352 310 377 esse
332 334 580 376 censuimus
606 331 849 373 doctrinam
880 331 924 371 in
945 329 1101 370 vestris
1129 328 1291 385 singuli
1319 326 1544 376 Ecelesiis,
1570 334 1698 382 atque

214 404 342 444 etiam
364 399 731 444 Universitatibus
760 407 802 439 et
830 396 992 438 scholis
1014 405 1168 437 vestrae
1194 394 1406 437 Pastorali
1434 409 1546 435 curae
1581 409 1699 434 com-

216 469 376 519 missis,
402 477 473 508 aut
497 467 611 524 apud
637 473 802 507 Vestras
826 464 1048 505 Dioeceses
1074 463 1342 512 constitutis,
1372 461 1429 502 ita
1450 459 1697 517 procuretis

217 536 403 587 admitti,
437 543 481 576 ut
516 533 625 574 nihil
657 548 846 589 unquam
873 531 958 588 ipsi
987 530 1253 571 contrarium
1278 529 1500 570 doceatur.
1536 527 1697 583 Sicque

216 603 385 645 eveniet
409 610 471 652 ut,
500 600 866 658 quemadmodum
891 600 1094 639 Romanae
1121 596 1287 653 Synodi
1310 598 1485 638 Patrum
1511 610 1698 636 consen-

218 672 357 720 sione,
386 666 870 723 Constantinopolitana
900 664 1159 705 universalis
1188 673 1230 704 et
1257 663 1524 706 oecumenica
1557 663 1699 719 Syno-

217 738 299 779 dus
325 736 478 778 effecta
506 743 587 782 est,
622 734 680 775 ita
707 742 749 774 et
777 732 997 774 communi
1025 735 1224 772 nostrum
1255 731 1449 771 omnium
1484 728 1701 770 sententia

218 813 368 847 noster
381 803 606 845 consessus
624 801 695 842 fiat
713 799 933 841 nationale
948 799 1082 839 totius
1104 798 1228 855 regni
1246 797 1514 847 Concilium;
1533 805 1576 838 et
1594 812 1701 853 quos

220 873 272 913 ad
302 888 377 913 vos
409 869 620 911 mittimus
654 867 874 908 Doctrina*
910 874 1068 906 nostrae
1103 865 1303 915 Articuli,
1337 864 1541 905 fidelibus
1568 879 1699 905 vene-

220 938 344 979 randi
367 946 409 978 et
431 951 652 992 nunquam
673 933 989 976 intermorituri
1011 933 1217 974 Ecclesiae
1241 932 1476 973 Gallicana?
1501 932 1702 972 Canones

221 1005 421 1047 evadant.

279 1076 492 1129 Optamus
531 1087 606 1111 vos
647 1085 820 1126 semper
858 1069 970 1109 bene
1006 1068 1171 1117 valere,
1211 1082 1528 1124 precamurque
1565 1067 1704 1107 Deum

222 1140 509 1181 immortalem
558 1146 605 1178 ut
651 1145 838 1177 vestram
881 1135 1219 1177 Fraternitatem
1263 1134 1316 1175 ad
1359 1133 1566 1175 Ecclesiae
1618 1149 1704 1174 suae

223 1209 386 1249 bonum
413 1206 640 1247 florentem
664 1212 706 1244 et
728 1203 990 1244 incolumem
1019 1202 1204 1243 servet1.

280 1273 414 1317 Vobis
445 1271 734 1313 addictissimi
769 1270 985 1326 Collegae,
1024 1268 1384 1325 Arehiepiseopi,
1420 1267 1629 1324 Episcopi
1660 1275 1704 1308 et

223 1341 367 1383 caeteri
391 1338 689 1382 Ecclesiastici
713 1337 805 1379 Viri
828 1354 849 1377 a
878 1337 1005 1378 Clero
1026 1336 1253 1377 Gallicano
1281 1334 1492 1392 deputati.

486 1435 764 1482 FRANmscus,
788 1430 1160 1487 Archiepiscopus
1181 1428 1459 1478 Parisiensis,
1485 1429 1667 1469 Praeses.

286 1567 350 1606 De
366 1563 572 1605 Mandato
586 1560 989 1603 Illustrissimorum
1003 1567 1046 1599 et
1059 1557 1542 1600 Reverendissimorum
1556 1555 1709 1597 Archi-

230 1631 551 1689 episcoporum,
590 1628 909 1685 Episcoporum
944 1626 1078 1667 totius
1106 1642 1189 1682 que
1230 1626 1377 1666 Coetus
1410 1623 1711 1666 Ecclesiastici

226 1700 271 1740 in
300 1697 500 1740 Comitiis
527 1695 818 1738 Generalibus
842 1694 958 1735 Cleri
985 1693 1201 1734 Gallicani
1227 1691 1406 1734 Parisiis
1429 1689 1707 1749 congregati.

433 1793 679 1841 Mmmnmx,
706 1788 952 1830 Canonicus
977 1786 1221 1837 Remensis,
1248 1802 1270 1826 a
1292 1785 1498 1827 Secretis.

434 1856 932 1912 Counc1En‚Theol‹›gus
947 1854 1152 1895 Ecclesiae
1166 1852 1444 1903 parisiensis,
1458 1868 1479 1893 a
1497 1850 1705 1893 Secretis.

289 1961 467 2004 Parisiis
499 1960 551 2002 14
573 1958 747 2000 kalend.
770 1957 911 2015 April,
933 1973 1034 1998 ann.
1070 1955 1195 1998 1682.

605 2227 645 2271 8.
680 2253 741 2276 ‚--
774 2224 1339 2268 PROTESTATION

748 2321 847 2355 1682,
872 2321 891 2352 G
914 2320 997 2352 mai.
1021 2339 1066 2344 —
1089 2318 1206 2351 Paris.

284 2440 568 2480 L'Asscmblee
597 2438 784 2490 generale
807 2438 859 2474 du
887 2436 1022 2487 clerge
1044 2435 1149 2473 avait
1171 2435 1311 2472 decide
1336 2435 1384 2471 de
1407 2433 1502 2471 faire
1522 2440 1712 2470 remettre

231 2519 279 2542 au
300 2503 523 2541 Souverain
542 2500 700 2539 Pontise
721 2512 796 2536 une
818 2497 1093 2535 Protestation
1116 2496 1338 2533 solennelle
1360 2504 1499 2533 contre
1521 2495 1580 2532 les
1603 2495 1712 2531 brefs

234 2566 301 2616 qui
324 2562 631 2603 condamnaient
651 2575 716 2598 ses
738 2568 859 2597 actes.
884 2559 937 2596 Le
955 2560 978 2596 8
1001 2559 1075 2595 mai
1099 2560 1211 2602 1682,
1238 2557 1400 2594 Nicolas
1424 2556 1600 2601 Cherom
1623 2557 1712 2593 doc-

276 2689 303 2718 1.
331 2688 376 2716 La
391 2685 585 2716 traduc-tion
605 2683 644 2713 (lc
666 2687 751 2712 cette
770 2682 868 2712 lettre
893 2681 978 2711 n'est
998 2691 1061 2721 pas
1079 2680 1210 2710 inserte
1229 2680 1314 2709 dans
1336 2680 1385 2709 les
1404 2680 1502 2709 Actes
1523 2678 1569 2708 du
1589 2678 1715 2717 clerge,

236 2730 265 2760 le
281 2733 368 2758 texte
388 2727 473 2757 latin
494 2730 545 2756 cst
559 2726 645 2755 donc
662 2725 693 2753 le
713 2724 785 2753 seul
803 2723 861 2763 qui
879 2723 927 2752 ait
946 2733 989 2751 un
1008 2722 1181 2751 caractere
1204 2720 1337 2751 officiel.
