1839 3049
197 200 234 228 28
328 200 379 229 LA
403 190 584 230 REGALE.
609 218 647 222 —
671 200 748 230 LES
773 191 982 231 LIBERTES
1005 201 1058 231 DE
1083 194 1275 232 L’EGLISE
1305 200 1545 232 GALLICANE

196 287 313 327 sunl,
343 294 368 316 a
392 277 481 316 Deo
505 278 715 317 ordinata?
737 288 861 329 Sltnl;
885 280 1029 336 itaque
1057 282 1132 336 (sai
1150 282 1360 335 poteslali
1386 282 1561 328 resi-slis,
1586 280 1667 320 Del

197 344 464 384 ordinationi
481 347 653 384 resistit.
682 346 822 401 Reges
849 361 952 403 ergo
972 354 1013 386 et
1032 346 1261 402 Principes
1283 345 1327 386 in
1350 346 1665 402 temporalibus

198 410 307 452 nulli
335 410 651 451 Ecclesiastioae
680 413 885 468 potestati
914 413 993 453 Dei
1023 413 1297 454 ordinatione
1319 412 1492 469 subjici,
1525 429 1666 470 neque

201 477 455 519 auctoritate
487 478 668 519 clavium
704 479 907 521 Ecclesia>
935 480 1099 522 directe
1129 481 1194 522 vel
1231 480 1445 521 indirecte
1477 480 1665 537 deponi,

201 554 273 586 aut
300 545 472 586 illorum
496 546 696 587 subditos
722 547 850 587 eximi
873 563 894 587 a
920 547 1004 589 fide
1030 556 1158 605 atque
1181 547 1446 598 obedientia,
1472 564 1519 589 ac
1540 564 1669 605 praes-

201 613 280 653 tito
308 612 530 653 fidelitatis
565 623 835 655 sacramento
864 615 970 656 solvi
1002 631 1158 672 posse;
1191 632 1372 672 eamque
1407 616 1667 657 sententiam

203 680 388 737 publicae
432 681 737 738 tranquillitati
788 683 1094 732 necessariam,
1153 699 1230 724 nec
1276 683 1417 724 minus
1465 683 1670 724 Ecclesiae

204 763 331 804 quam
361 748 548 805 Imperio
579 748 744 799 utilem,
784 759 829 790 ut
859 751 992 791 verbo
1029 751 1124 800 Dei,
1161 752 1337 792 Patrum
1370 751 1597 792 traditioni
1630 759 1672 793 et

207 816 465 857 Sanctorum
487 817 695 874 exemplis
719 833 953 859 consonam
974 819 1151 860 omnino
1168 818 1456 860 retinendam.

924 1344 959 1384 Il

268 1437 340 1477 Sic
370 1445 512 1478 autem
534 1438 679 1478 inesse
700 1437 964 1494 Apostolicae
987 1438 1091 1479 Sedi
1117 1453 1164 1479 ac
1187 1437 1303 1479 Petri
1331 1438 1674 1490 successoribus,

209 1504 372 1545 Christi
407 1504 590 1546 Vicariis
623 1522 764 1547 rerum
801 1505 1092 1562 spiritualium
1128 1506 1300 1563 plenam
1338 1514 1598 1562 potestatem
1632 1514 1678 1547 ut

208 1572 334 1613 simul
369 1572 539 1613 valeant
573 1582 701 1630 atque
729 1574 904 1614 immota
931 1573 1172 1614 consistant
1203 1582 1361 1614 sanetae
1389 1573 1678 1615 AEcumenicae

208 1640 373 1696 Synodi
401 1641 751 1682 Constantiensis
774 1658 796 1682 a
822 1641 935 1682 Sede
955 1641 1206 1698 Apostolica
1234 1642 1530 1698 comprobata,
1561 1642 1678 1698 ipso-

206 1724 288 1765 que
329 1709 619 1750 Romanorum
645 1706 924 1751 'Pontificum
965 1726 1012 1750 ac
1049 1709 1180 1750 totius
1216 1709 1422 1751 Ecclesiae
1460 1725 1540 1750 usu
1574 1725 1680 1750 con-

208 1777 394 1827 firmata,
442 1785 571 1834 atque
612 1779 664 1819 ab
709 1777 903 1819 Ecclesia
941 1777 1161 1819 Gallicana
1214 1785 1422 1834 perpetua
1468 1776 1680 1831 religione

210 1844 425 1886 custodita
460 1845 635 1886 decreta
670 1846 723 1887 de
762 1845 1017 1886 auctoritate
1054 1844 1350 1886 Conciliorum
1386 1844 1676 1903 generalium,

212 1929 305 1971 quae
345 1912 539 1954 sessione
579 1915 634 1956 IV
677 1922 718 1954 et
753 1916 788 1956 V
827 1914 1129 1964 continentum
1176 1929 1256 1954 nec
1294 1913 1472 1970 probari
1512 1929 1531 1953 a
1578 1912 1681 1955 Gal-

212 1981 351 2022 licana
388 1981 584 2022 Ecclesia
621 1981 695 2038 qui
738 1997 886 2022 eorum
919 1981 1218 2031 decretorum,
1265 1980 1387 2038 quasi
1416 1980 1558 2021 dubiae
1596 1979 1682 2021 sint

215 2048 507 2098 auctoritatis,
548 2064 594 2089 ac
632 2049 773 2089 minus
809 2050 1049 2106 approbata
1086 2049 1219 2089 robur
1250 2048 1492 2105 infringant
1524 2056 1596 2088 aut
1628 2046 1681 2088 ad

214 2116 352 2157 solum
380 2116 625 2157 schismatis
666 2126 838 2173 tempus
876 2116 1062 2158 Concilii
1090 2116 1204 2157 dicta
1226 2116 1532 2172 detorqueant.

921 2380 979 2420 III

277 2474 387 2515 Hinc
403 2473 663 2530 Apostolicae
677 2473 906 2531 potestatis
922 2489 1046 2514 usum
1064 2473 1376 2514 moderandum
1392 2488 1470 2530 per
1485 2473 1684 2514 Canones

221 2541 375 2598 spiritu
395 2542 473 2582 Dei
493 2541 710 2591 conditos,
733 2558 779 2583 ac
797 2542 930 2582 totius
952 2541 1101 2582 mundi
1120 2540 1360 2582 reverentia
1383 2548 1681 2591 consecratos3

220 2609 360 2650 valere
384 2608 512 2649 etiam
536 2609 734 2666 regulas,
764 2625 904 2649 mores
927 2617 968 2649 et
997 2608 1192 2649 instituta
1215 2625 1235 2648 a
1261 2624 1395 2664 regno
1421 2616 1463 2648 et
1489 2607 1684 2648 Ecclesia

223 2677 442 2718 Gallicana
466 2686 655 2734 recepta,
674 2679 936 2733 Patrumquc
956 2676 1164 2717 terminos
1184 2692 1358 2717 manere
1374 2675 1681 2725 inconcussos3

222 2753 350 2802 atque
388 2745 431 2785 id
464 2745 682 2802 pertinere
711 2745 764 2786 ad
804 2744 1134 2802 amplitudinem
1167 2743 1429 2801 Apostolicae
1463 2742 1606 2794 Sedis,
1638 2749 1686 2783 ut
