1839 3049
12 116 32 146 w?
0 0 46 102 θέῑέκῇ

390 185 654 217 CIRCULAIRE
681 187 734 217 DE
759 181 1052 218 L’ASSEMBLEE
1077 189 1134 218 DU
1160 189 1327 221 CLERGE
1563 194 1602 222 45

117 263 323 322 Collegae,
351 281 372 303 «
400 263 624 305 Christum
645 272 691 304 ut
714 264 926 305 unitatem
952 265 1266 317 manifestaret,
1292 283 1419 308 unam
1443 269 1603 308 Cathe-

118 331 239 373 dram
270 331 551 373 constituisse
583 339 626 371 et
658 331 837 372 unitatis
872 332 1089 390 originem
1123 334 1175 374 ab
1206 350 1290 374 uno
1320 335 1602 391 incipientem

118 415 193 440 sua
218 398 477 440 auctoritate
509 397 783 455 disposuisse
805 417 813 449 3
839 416 1044 456 cunique,
1074 401 1147 456 qui
1174 401 1436 442 Cathedram
1468 403 1601 451 Petri,

118 482 250 524 super
268 482 397 523 quam
420 466 596 507 fundata
613 474 680 507 est
694 467 888 507 Ecclesia
908 467 1089 517 deserit,
1110 467 1151 508 in
1172 468 1364 509 Ecclesia
1384 485 1469 509 non
1484 486 1601 519 esse3

117 534 192 591 qui
215 550 318 575 vero
341 534 547 575 Ecclesiae
569 535 781 574 unitatem
809 550 893 575 non
916 543 1052 581 tenet,
1082 551 1161 576 nec
1191 535 1318 576 fidem
1348 537 1510 577 habere
1527 537 1555 576 ¹.
1574 542 1602 576 '»

117 603 262 656 Quare
296 601 406 642 nihil
443 602 570 642 nobis
611 601 835 658 antiquius
884 602 963 643 suit
999 602 1143 643 statim
1186 611 1315 660 atque
1361 621 1382 644 ((
1421 620 1604 660 congre-

114 669 204 727 gati
232 685 380 710 sumus
411 668 455 709 in
488 669 667 710 nomine
697 668 895 710 Christi?
929 687 969 719 »,
1002 685 1130 726 quam
1163 679 1207 711 ut
1241 688 1261 709 «
1296 671 1423 711 unius
1455 688 1606 728 corpo—

117 737 176 779 ris
198 754 241 789 )›‚
261 737 378 794 quod
401 753 480 778 nos
507 752 658 777 omnes
682 752 778 777 esse
808 736 1012 777 inclamat
1038 738 1274 794 Apostolus
1307 756 1327 776 «
1354 754 1463 779 unus
1492 747 1606 780 esset

117 804 315 862 spiritus,
338 821 417 846 nec
439 813 587 845 essent
606 805 650 845 in
670 805 797 845 nobis
819 805 1082 845 schismata3
1100 822 1139 853 >›‚
1167 805 1326 846 nedum
1346 806 1411 846 vel
1430 806 1606 847 minima

119 885 211 914 cum
229 872 364 913 totius
391 872 597 913 Ecclesia?
623 872 777 929 Capite
799 872 1090 913 dissensionis
1117 873 1323 929 suspicio.
1353 876 1441 915 Hoc
1464 882 1607 914 autem

118 956 168 981 eo
197 941 334 997 magis
364 940 688 997 pertimuimus,
725 940 1061 981 Honoratissimi
1097 941 1326 992 Praesules‚
1363 941 1479 998 quod
1512 957 1608 981 cum

116 1008 376 1050 Pontificem
410 1007 455 1048 in
485 1008 818 1065 praesentiarum
857 1007 985 1048 nobis
1019 1008 1211 1064 providit
1251 1010 1368 1049 Deus
1406 1009 1608 1066 Optimus
1656 1034 1660 1037 ι

117 1075 334 1117 Maximus
369 1092 524 1132 quem,
565 1076 621 1116 ob
653 1076 856 1126 eximias,
897 1076 1056 1132 quibus
1093 1076 1266 1116 abunde
1301 1076 1490 1132 praedius
1525 1085 1606 1126 est,

117 1143 311 1185 omnium
342 1143 631 1184 pastoralium
668 1142 876 1183 virtutum
912 1143 1066 1192 dotes,
1109 1159 1195 1183 non
1234 1143 1362 1184 modo
1403 1143 1608 1185 Ecclesiae

120 1228 141 1251 «
174 1212 347 1252 Petram
382 1228 420 1260 n,
456 1210 533 1251 sed
566 1209 696 1251 etiam
722 1218 930 1267 tanquam
964 1228 984 1249 «
1024 1210 1250 1250 fidelium4
1292 1229 1310 1248 »
1350 1219 1479 1268 atque
1510 1228 1529 1249 α,
1568 1211 1608 1250 in

119 1278 322 1320 omnibus
338 1278 586 1335 exemplum
604 1278 820 1319 bonorum
837 1278 1046 1334 operun15
1071 1296 1090 1315 »
1114 1278 1324 1318 debemus
1341 1279 1438 1334 jure
1457 1278 1610 1319 merito

118 1346 336 1388 venerari.

178 1415 299 1454 Hanc
321 1420 480 1454 nostrae
503 1413 760 1455 Concordioe
786 1421 828 1454 et
847 1413 899 1454 ad
922 1413 1129 1453 tuendam
1149 1413 1355 1453 Ecclesiae
1377 1412 1607 1464 unitatem,

119 1480 461 1538 conspirationis
496 1481 656 1531 ideam,
695 1490 782 1522 tam
814 1480 902 1538 pie,
939 1489 1026 1521 tam
1064 1480 1208 1530 docte,
1240 1489 1326 1521 tam
1356 1480 1538 1521 facunde
1568 1480 1610 1521 in

118 1547 313 1589 omnium
331 1553 529 1589 nostrum
548 1548 704 1590 animis
727 1549 1038 1605 praeformavit
1062 1547 1384 1589 illustrissimus
1405 1550 1562 1589 Orator
1577 1547 1607 1598 Γ),

119 1615 194 1672 qui
226 1617 395 1673 primus
431 1616 554 1674 quasi
585 1625 835 1657 nostrorum
871 1615 1157 1657 Comitiorum
1193 1632 1239 1656 os
1277 1615 1474 1673 aperuit3
1509 1615 1610 1655 dum

121 1683 312 1740 Spiritus
331 1683 480 1725 Sancti
497 1684 682 1742 gratiam
707 1692 750 1724 et
767 1683 975 1724 auxilium
998 1682 1305 1724 communibus
1324 1684 1452 1732 votis,
1478 1683 1610 1723 sacri—

118 1749 275 1791 ficante
296 1751 598 1792 Illustrissimo
623 1751 863 1793 Parisiensi
884 1750 1249 1808 Archiepiscopo,
1273 1759 1423 1791 nostro
1447 1749 1611 1808 dignis-

120 1817 228 1858 simo
254 1818 471 1868 Praeside,
500 1818 819 1868 invocavimus;
850 1826 897 1859 ut
928 1818 1028 1859 inde
1059 1818 1196 1859 nostri
1232 1818 1483 1859 Conventus
1516 1816 1610 1857 leli-

119 1883 342 1927 cissimum
365 1887 528 1927 exitum
552 1886 733 1927 ominati
764 1886 852 1926 sint
874 1885 1079 1927 universi.

176 1955 273 1996 Non
301 1954 553 1995 dubitamus
584 1954 806 2011 equidem,
839 1953 1187 1995 Consacerdotes
1219 1950 1608 2001 Rev-eiendissimi‚

119 2021 225 2079 quin
254 2030 509 2080 pergratum
535 2021 660 2063 vobis
689 2021 840 2071 fuerit,
871 2021 988 2078 quod
1016 2037 1036 2062 a
1060 2022 1196 2079 Regis
1226 2020 1364 2061 nostii
1397 2018 1611 2061 Christia-

119 2088 291 2130 nissimi
332 2090 494 2146 pietate
538 2089 827 2139 obtinuimus,
882 2089 1089 2145 quodque
1128 2087 1319 2129 xieissim
1363 2087 1416 2128 ad
1460 2102 1611 2144 pacem

119 2157 392 2207 servandam,
421 2173 470 2198 ac
501 2158 611 2198 tanti
650 2156 870 2213 P1incipis
904 2156 1090 2214 gratiam
1125 2155 1445 2196 conciliandam
1484 2153 1610 2194 simul

121 2232 164 2265 et
199 2224 252 2265 ad
290 2225 496 2266 memoris
538 2225 678 2265 nostri
718 2224 852 2265 animi
894 2223 1250 2265 testificationem
1299 2221 1609 2278 rependimus3

121 2292 326 2349 quodque
345 2292 523 2333 tandem
545 2292 802 2349 scripsimus
823 2291 876 2332 ad
900 2291 1235 2333 Sanctissimum
1252 2289 1508 2331 Pontificem
1536 2288 1612 2329 sed

127 2408 206 2416 ——

161 2491 189 2522 1.
217 2493 251 2523 S.
275 2492 372 2533 Cyp..
396 2493 421 2529 I,
441 2492 484 2522 de
505 2492 590 2522 unit.
613 2491 745 2522 Eccles.

161 2534 191 2563 2.
216 2534 324 2568 Matt„
348 2535 397 2563 28.

160 2575 189 2604 3.
215 2575 356 2615 Ephes.,
376 2576 405 2610 4,
426 2575 451 2611 1,
472 2574 550 2605 Cor.
574 2576 601 2605 1.

160 2616 190 2645 4.
217 2615 231 2645 1
248 2617 291 2645 ad
309 2616 397 2646 Tim.
418 2617 447 2646 4.

160 2658 189 2687 5.
217 2657 267 2686 Ad
285 2657 352 2687 Tit.
379 2658 408 2686 2.
975 2687 979 2691 ,

161 2698 191 2727 6.
217 2698 361 2728 Sex-mon
387 2698 426 2727 de
446 2698 592 2728 Bossuet
611 2708 671 2727 sur
695 2709 709 2726 «
732 2697 850 2727 l'unite
875 2697 915 2726 de
939 2695 1078 2735 l'Eglise
1102 2706 1129 2726 ».
1155 2694 1279 2735 preche
1304 2697 1322 2722 a
1343 2693 1549 2722 l‘ouverture
1573 2691 1614 2720 de·

127 2736 348 2769 l'assemblee
367 2739 527 2779 generale
545 2739 591 2768 du
609 2739 722 2779 clerge
741 2739 781 2768 de
799 2739 939 2768 France.
