1839 3049
193 206 231 235 76
623 200 842 232 L'AFFAIRE
863 200 944 230 DES
969 199 1236 231 FRANCHISES

196 297 280 338 que
304 281 397 321 loca
420 281 463 321 in
485 279 635 320 eadem
660 277 785 320 Bulla
807 292 1010 334 expressa
1032 276 1084 318 ad
1104 276 1241 333 ipsam
1265 278 1501 319 Romanam
1524 276 1669 318 Eccle-

198 349 303 389 siam
328 347 608 405 pertinentia,
640 361 811 386 necnon
841 360 1087 401 supremam
1121 344 1473 386 Jurisdictionem
1507 344 1550 384 in
1584 344 1667 385 illis

200 418 394 458 Romano
419 413 621 456 Pontifici
646 430 692 454 ae
720 413 860 454 eidem
886 413 1090 453 Romanae
1120 412 1324 453 Ecclesiae
1352 419 1656 469 eompetenten

199 483 253 524 de
285 482 396 523 facto
428 489 730 538 usurpassent,
760 480 1115 536 perturbassent,
1146 478 1452 529 retinuissent,
1482 478 1548 519 vel
1577 478 1671 519 aliis

203 550 340 592 modis
359 557 603 599 vexassent,
628 563 799 589 necnon
825 546 1115 597 adhaerentes,
1142 547 1330 588 fautores
1352 555 1394 587 et
1419 546 1672 587 defensores

201 634 349 660 eorum
377 617 450 674 qui
481 616 566 658 illis
594 615 801 657 auxilium
830 614 1062 656 eonsilium
1090 614 1155 655 vel
1184 615 1372 655 favorem
1398 613 1673 671 quomodoli-

202 687 275 727 bet
318 684 652 742 praestitissent3
692 684 870 739 Nosque
913 682 1040 723 etiam
1085 681 1269 739 singulis
1309 681 1434 722 annis
1478 680 1673 722 eamdem

202 753 369 794 Bullam
393 752 605 809 publicari
629 751 888 807 jusserimus
918 765 965 791 ae
997 749 1226 790 fecerimus
1253 766 1259 789 :
1289 750 1342 790 Et
1370 765 1466 789 eum
1496 749 1548 789 ab
1579 749 1674 804 ipso

203 824 339 865 nostri
373 821 656 864 pontificatus
688 821 813 862 initio
849 820 970 862 cordi
1001 828 1151 861 nostro
1183 836 1354 876 semper
1384 819 1513 860 infixa
1548 818 1676 859 fuerit

203 907 333 948 supra
359 898 592 931 memorata
618 888 992 930 Constitutionnm
1014 887 1305 937 observantia,
1333 887 1464 927 verbo
1487 895 1528 927 et
1553 885 1676 927 sactis

202 976 280 1017 per
304 958 654 1000 Praedeeessores
679 965 852 997 nostros
877 955 994 996 omni
1018 964 1216 1012 tempore
1241 955 1435 996 studiose
1460 962 1673 1011 promota,

203 1026 453 1068 eorumdem
476 1025 658 1082 vestigia
684 1032 916 1073 sectantes,
942 1032 983 1064 et
1001 1023 1227 1080 signanter
1250 1022 1386 1063 felicis
1409 1022 1676 1063 reeordatio-

204 1095 270 1136 nis
292 1093 457 1136 Urbani
480 1095 605 1149 Papfe
627 1093 724 1134 VIII
745 1091 818 1148 qui
841 1091 884 1132 in
908 1090 1087 1131 exordio
1110 1090 1174 1130 sui
1198 1089 1498 1139 pontificatus,
1523 1088 1677 1130 videli-

204 1171 271 1204 eet
306 1162 374 1202 die
408 1162 432 1202 5
461 1160 650 1217 januarii
691 1158 800 1200 1616
837 1158 1060 1215 peculiare
1102 1157 1303 1199 Edictum
1338 1157 1390 1197 ad
1430 1156 1678 1213 tranquilli-

203 1239 335 1271 tatem
358 1238 398 1269 et
421 1229 610 1286 quietem
632 1228 760 1283 hujus
783 1226 919 1268 Almse
945 1226 1076 1268 Urbis
1103 1242 1182 1282 per
1206 1225 1399 1281 ejusden]
1422 1224 1552 1266 Urbis
1574 1232 1678 1265 tunc

206 1299 556 1341 Gubernatorem
611 1294 879 1351 promulgari
937 1293 1160 1334 mandavit
1213 1301 1255 1333 et
1311 1292 1555 1333 successive
1609 1291 1678 1332 die

209 1366 259 1407 15
305 1363 554 1406 novembris
600 1362 711 1404 1634
759 1362 874 1402 idem
922 1362 1127 1402 Edictum
1176 1360 1355 1417 speciali
1399 1376 1475 1400 suo
1522 1359 1679 1401 Chiro-

205 1433 373 1491 grapho
402 1431 637 1473 declaravit
671 1447 677 1470 :
712 1431 888 1487 Nosque
917 1429 1080 1486 pariter
1110 1428 1191 1468 alia
1223 1428 1308 1468 duo
1341 1427 1497 1468 similia
1527 1427 1679 1468 Edicta

207 1504 261 1544 ob
305 1501 478 1542 easdem
523 1515 672 1541 causas
722 1514 855 1539 unum
907 1499 986 1538 sub
1031 1497 1101 1538 die
1148 1496 1202 1537 26
1252 1496 1499 1537 novembris
1550 1494 1677 1545 1677,

208 1573 261 1612 Et
310 1570 491 1610 alterum
541 1568 620 1608 sub
673 1566 742 1607 die
795 1566 848 1606 22
896 1565 1125 1607 Februarii
1180 1563 1305 1615 1680,
1358 1580 1436 1621 per
1484 1571 1678 1604 nostrum

207 1637 337 1680 Urbis
366 1636 715 1677 Gubernatorem
747 1634 962 1690 publicari
996 1632 1342 1673 mandaverimus
1377 1647 1560 1688 quorum
1590 1630 1680 1671 dis-

208 1705 469 1763 positionem
498 1704 540 1745 in
572 1702 775 1744 omnibus
804 1710 845 1742 et
873 1718 950 1759 per
978 1700 1120 1741 omnia
1149 1700 1192 1740 in
1221 1716 1297 1741 suo
1326 1701 1483 1740 robore
1510 1714 1681 1756 perma-

208 1790 311 1815 nere
336 1773 545 1814 volumus.

266 1841 377 1882 Hine
404 1849 483 1889 est,
515 1839 633 1896 quod
667 1854 745 1879 nos
776 1837 1069 1878 abominabile
1103 1845 1144 1877 et
1179 1834 1438 1876 detestabile
1470 1833 1681 1876 Franehi-

208 1910 364 1950 tiarum
388 1924 561 1957 nomen,
581 1923 674 1964 quae
697 1906 826 1964 vulgo
849 1906 1055 1946 dicuntur
1076 1922 1083 1945 :
1112 1905 1353 1960 Quartierz',
1380 1911 1530 1944 eontra
1553 1917 1681 1943 omne

208 1979 281 2017 Jus
319 1977 468 2033 sasque
507 1983 760 2031 usurpatum
798 1973 972 2031 penitus
1017 1972 1208 2022 abolere,
1254 1986 1424 2012 necnon
1467 1969 1681 2010 dictarum

209 2044 581 2085 Constitutionum
608 2042 759 2098 majori
786 2050 826 2082 et
852 2040 1031 2081 firmiori
1058 2056 1105 2080 ae
1130 2037 1371 2080 inviolabili
1398 2035 1682 2078 observantiae

209 2121 251 2152 et
277 2111 519 2153 executioni
548 2110 777 2151 consulere
804 2109 1017 2158 volentes,
1041 2109 1160 2148 Motu
1186 2115 1335 2148 nostro
1357 2103 1535 2162 proprio
1564 2112 1606 2145 et
1633 2119 1684 2144 ex

211 2188 355 2220 nostra
398 2177 579 2219 seientia
620 2193 823 2233 moraque
866 2175 1207 2224 deliberatione,
1248 2189 1418 2214 necnon
1461 2171 1589 2213 etiam
1630 2170 1683 2211 de

210 2249 407 2288 Fratrum
430 2248 685 2288 Nostrorum
708 2247 752 2284 S.
778 2246 826 2285 R.
850 2246 896 2284 E.
917 2242 1212 2284 Cardinalium
1237 2241 1420 2282 consilio
1441 2248 1482 2280 et
1504 2254 1682 2280 assensu

209 2331 256 2356 ae
275 2323 531 2371 pra-matura
556 2312 909 2354 consideratione
932 2310 1188 2367 praehabita,
1213 2309 1491 2366 pra‘insertas
1514 2306 1683 2348 Consti-

209 2383 400 2423 tutiones
435 2381 785 2438 supradictorum
817 2378 940 2429 Julii,
980 2378 1065 2428 l’ii,
1099 2376 1301 2435 Gregorii
1331 2392 1378 2416 ae
1411 2374 1542 2429 Sim,
1579 2373 1684 2415 alio-

211 2466 392 2507 rumque
410 2449 783 2490 l'rzrdeeessornm
805 2455 1049 2487 nostrorum
1070 2446 1340 2492 innovamus,
1357 2442 1681 2490 confirmamus,

211 2517 500 2574 approbamus
538 2525 578 2557 et
620 2515 868 2572 Apostoliea
911 2513 1167 2554 auctoritate
1214 2520 1365 2552 tenore
1405 2508 1683 2567 praesentium

210 2586 465 2625 roboramus
492 2584 533 2624 in
556 2583 758 2624 omnibus
779 2591 821 2623 et
842 2597 918 2638 per
941 2581 1083 2621 omnia
1102 2596 1149 2621 ae
1172 2579 1317 2628 etiam,
1337 2586 1550 2635 quatenus
1575 2591 1684 2632 opus

212 2653 274 2702 fil,
297 2653 350 2693 de
380 2669 487 2693 novo
511 2652 800 2708 disponinnffl,
829 2649 1104 2690 decernimus
1127 2664 1174 2689 ae
1199 2655 1411 2704 perpetuo
1433 2653 1475 2686 et
1504 2643 1685 2685 inviola-

214 2720 360 2762 biliter
385 2720 537 2777 exequi
559 2720 754 2760 volumus
779 2726 821 2759 et
844 2716 1097 2759 mandamus
1126 2733 1133 2756 :
1159 2732 1206 2757 ae
1232 2715 1410 2771 insuper
1432 2710 1685 2754 inhaerendo
