1839 3049
378 140 721 172 CONDAMNATION
747 142 827 172 DES
853 153 868 172 «
891 142 1088 173 MAXIMES
1114 143 1194 173 DES
1221 144 1374 175 SAINTS
1394 156 1409 173 »
1580 147 1637 176 147

150 218 312 259 limites
347 218 592 268 continere,
630 228 677 259 ut
709 218 876 259 sinatur
910 221 1028 259 Deus
1066 236 1213 276 agere,
1252 230 1291 260 et
1327 237 1549 276 nunquam
1585 223 1637 262 ad

151 301 309 342 purum
342 301 533 325 amorem
565 285 743 335 ducere,
779 286 862 326 nisi
898 286 1073 342 quando
1106 288 1240 331 Deus,
1276 304 1353 342 per
1386 289 1635 329 unctionem

151 352 407 394 interiorem
434 353 590 408 incipit
612 353 783 409 aperire
808 370 882 393 cor
905 354 1007 394 huie
1029 354 1179 398 verbo,
1206 355 1323 410 quod
1350 355 1457 395 adeo
1481 355 1637 396 (lurum

151 430 217 462 est
238 420 466 461 animabus
489 420 631 461 adhue
655 420 831 461 sibimet
855 420 1010 471 affixis,
1033 431 1075 462 et
1097 421 1205 461 adeo
1230 430 1375 478 potest
1399 423 1494 463 illas
1518 440 1637 464 scan-

151 488 357 537 dalisare,
389 497 460 528 aut
488 487 532 527 in
560 488 942 544 perturbationem
971 489 1208 544 conjicere.

211 556 282 597 IV.
321 556 368 596 In
421 564 533 596 statu
587 564 747 595 sanetae
800 555 1110 596 indifferentia·
1167 556 1312 597 anima
1367 573 1453 597 non
1508 558 1641 599 habet

152 622 364 679 amplius1
397 622 618 663 desideria
648 623 910 673 voluntaria,
949 633 991 664 et
1025 623 1268 664 deliberata
1304 633 1488 680 propter
1517 641 1641 665 suum

152 690 384 737 interesse,
413 690 610 746 exceptis
637 690 690 730 iis
716 690 1041 740 occasionibus,
1072 691 1114 730 in
1143 691 1303 747 quibus
1327 692 1407 733 toti
1436 708 1521 732 suae
1547 709 1641 751 gra-

151 757 222 798 tiae
247 756 439 798 fideliter
466 773 552 797 non
579 767 859 813 cooperatur.

211 825 262 866 V.
302 826 349 865 In
395 824 550 865 eodem
598 834 711 865 statu
762 834 922 865 sanetae
974 824 1287 866 indifferentiae
1335 826 1443 866 nihil
1489 826 1640 877 nobis3

154 891 328 933 omniaQ
360 893 452 932 Deo
486 892 702 932 volumus.
741 892 859 933 Nihil
896 892 1097 933 volumus
1132 903 1175 934 ut
1214 894 1348 933 simus
1383 894 1567 949 perfecti
1603 903 1645 935 et

154 959 272 1001 beati
297 969 480 1016 propter
506 960 720 1001 interesse
744 961 992 1016 proprium,
1024 960 1100 1001 sed
1127 977 1300 1001 0111116111
1327 962 1644 1017 perfectionem

155 1043 202 1068 ac
238 1027 559 1068 beatitudinem
590 1028 790 1068 volumus
825 1028 869 1068 in
905 1038 1116 1084 quantum
1148 1031 1241 1069 Deo
1275 1029 1419 1085 placet
1451 1029 1641 1081 ellicere,

155 1103 202 1136 ut
227 1094 412 1135 velimus
441 1111 510 1135 res
540 1095 645 1136 istas
674 1095 967 1151 impressione
997 1112 1083 1136 suae
1113 1096 1280 1154 gratian

213 1163 286 1204 VI.
325 1163 372 1203 111
406 1163 489 1203 hoe
525 1171 684 1203 51111611(Ἃ
719 1162 1030 1203 111(1111’61·6111111ι
1071 1173 1183 1204 statu
1219 1164 1422 1204 nolumus
1458 1164 1645 1221 amplius

158 1229 385 1281 salutemss,
422 1238 467 1270 ut
502 1230 685 1271 salutem
720 1230 963 1286 propriam,
998 1240 1043 1271 ut
1078 1231 1388 1272 liberationem
1420 1241 1643 1282 aeternam,

156 1307 203 1339 ut
233 1297 482 1338 mercedem
516 1308 768 1339 nostrorum
804 1298 1078 1348 meritorum,
1120 1308 1166 1339 ut
1200 1308 1399 1340 nostrum
1431 1300 1646 1341 interesse

157 1365 351 1406 omnium
387 1365 647 1415 maximum;
686 1365 763 1406 sed
797 1381 891 1406 eam
924 1366 1124 1407 volumus
1159 1366 1382 1407 voluntate
1418 1367 1564 1423 plena,
1601 1376 1648 1408 ut

157 1433 345 1493 gloriam
381 1443 423 1474 et
460 1432 787 1489 beneplacitum
823 1433 921 1484 Dei,
955 1443 1001 1474 ut
1036 1450 1127 1474 rem
1163 1450 1293 1490 quam
1328 1434 1422 1490 ipse
1460 1435 1567 1485 vult,
1605 1444 1647 1476 et

159 1515 289 1557 quam
317 1516 396 1541 nos
424 1501 515 1541 vult
541 1501 652 1541 velle
681 1510 865 1557 propter
890 1501 1050 1557 ipsum.

216 1569 311 1609 VII.
348 1568 589 1609 Derelietio
627 1584 713 1608 non
755 1578 820 1609 est
857 1569 940 1609 nisi
982 1569 1233 1627 abnegatio,
1282 1585 1357 1610 seu
1402 1569 1467 1610 sui
1509 1570 1647 1626 ipsius

159 1635 463 1677 renunciati04
503 1652 632 1692 quam
672 1638 797 1677 Jesus
841 1636 1045 1677 Christus
1087 1654 1107 1678 a
1148 1636 1277 1677 nobis
1322 1637 1365 1677 in
1406 1637 1647 1696 Evangelio

160 1703 364 1760 requirit,
394 1713 628 1760 postquam
659 1713 820 1745 seterna
852 1704 999 1745 omnia
1028 1704 1356 1761 reliquerimus.
1392 1706 1478 1746 Ista
1510 1705 1646 1745 nostri

161 1770 359 1827 ipsorum
378 1771 630 1829 abnegatio,
652 1788 739 1811 non
757 1781 838 1816 est,
859 1772 943 1812 nisi
964 1772 1108 1828 quoad
1126 1772 1340 1812 interesse
1361 1772 1645 1828 proprium...

161 1840 377 1879 Extremae
414 1838 717 1895 probationes,
762 1839 805 1880 in
847 1839 1007 1896 quibus
1050 1840 1141 1880 haee
1179 1840 1431 1898 abnegatio,
1470 1856 1544 1880 seu
1582 1842 1654 1880 sui

162 1908 297 1963 ipsius
339 1907 559 1947 derelictio
598 1907 794 1947 exerceri
833 1907 988 1957 debet,
1031 1916 1131 1948 sunt
1164 1907 1448 1957 tentationes,
1490 1907 1650 1963 quibus

162 1974 280 2014 Deus
302 1973 526 2014 aemulator
551 1974 642 2014 vult
667 1990 858 2032 purgare
882 1990 1092 2024 amorem,
1118 1974 1287 2015 nullum
1310 1974 1349 2015 ei
1375 1974 1651 2015 ostendendo

164 2041 431 2100 perfugium,
466 2057 609 2098 neque
643 2041 777 2082 ullam
813 2058 935 2098 spem
971 2042 1115 2098 quoad
1147 2058 1272 2082 suum
1308 2041 1522 2083 interesse
1554 2057 1651 2098 pro-

164 2108 326 2165 prium,
356 2109 486 2150 etiam
512 2118 749 2150 aeternum.-

222 2177 337 2218 VIII.
376 2177 534 2217 Omnia
574 2176 805 2227 sacrificia,
850 2193 944 2233 quae
984 2177 1080 2217 fieri
1122 2177 1265 2218 solent
1303 2177 1355 2217 ab
1397 2176 1654 2217 animabus5

167 2258 296 2300 quam
330 2243 515 2284 maxime
547 2244 921 2295 desinteressatis,
957 2245 1072 2285 eirea
1103 2260 1251 2285 earum
1281 2252 1487 2284 aeternam
1519 2243 1652 2284 beati-

164 2310 365 2352 tudinem
387 2320 488 2352 sunt
510 2311 880 2353 conditionalia...
905 2312 992 2353 Sed
1014 2313 1096 2353 hoc
1115 2311 1379 2352 sacrificium
1403 2326 1489 2351 non
1509 2320 1654 2366 potest

168 2393 263 2419 esse
311 2378 560 2420 absolutum
606 2378 650 2419 in
694 2388 807 2420 statu
851 2379 1093 2420 ordinario.
1137 2380 1184 2419 In
1228 2394 1315 2419 11110
1361 2386 1653 2418 extremarum

210 2525 239 2555 1.
264 2525 374 2566 Pages
392 2527 431 2555 49
450 2530 481 2556 et
499 2528 548 2556 50.

210 2567 240 2596 2.
267 2567 358 2607 Page
380 2568 429 2596 52.

210 2608 239 2636 3.
265 2607 376 2647 Pages
395 2609 432 2638 52
451 2612 483 2637 et
501 2609 551 2637 53.

212 2649 242 2677 4.
268 2648 379 2688 Pages
397 2649 435 2678 72
454 2653 487 2678 et
504 2650 554 2678 73.

213 2691 242 2718 5.
268 2689 360 2729 Page
380 2689 430 2719 87.
