1839 3049
171 175 230 204 148
464 170 684 202 L’AFFAIRE
702 170 783 200 DES
803 180 818 197 a
837 169 1031 199 MAXIMES
1050 169 1131 199 DES
1147 169 1300 199 SAINTS
1315 179 1331 198 »

171 248 481 306 probationum
519 263 621 288 casu
651 247 733 287 hoc
775 245 1038 287 sacrificium
1080 246 1135 286 sit
1172 245 1318 301 aliquo
1359 244 1488 285 modo
1521 245 1650 285 abso-

171 317 325 357 lutum.

232 384 305 424 IX.
344 383 391 423 In
422 381 628 422 extremis
660 380 998 437 probationibus
1029 389 1174 436 potest
1205 379 1357 420 animm
1387 378 1651 419 invincibili-

170 451 259 492 ter¹
300 465 558 506 persuasum
595 464 689 489 esse
727 447 1012 504 persuasione
1048 446 1224 497 reflexa,
1261 456 1302 487 et
1336 462 1429 502 qum
1463 462 1550 487 non
1588 455 1653 486 est

172 517 353 558 intimus
377 516 657 556 conscientiae
680 515 856 561 fundus,
879 531 923 555 se
943 516 1059 570 juste
1082 514 1361 570 reprobatam
1384 528 1479 553 esse
1501 529 1523 553 a
1541 514 1648 553 Deo.

230 585 283 624 X.
321 585 443 623 Tunc
472 583 615 623 anima
644 582 782 622 divisa
811 598 831 622 a
861 581 1098 637 semetipsa
1126 581 1294 637 expirat
1324 596 1421 621 cum
1449 579 1654 621 Christo‘2

172 651 217 691 in
241 652 398 699 Cruce,
419 649 571 689 dicens
598 665 605 688 :
631 650 762 698 Deus,
785 649 901 688 Dens
923 663 1058 699 meus,
1081 658 1126 687 ut
1146 647 1252 704 quid
1268 647 1539 703 dereliquisti
1556 648 1654 686 me?

174 719 221 758 In
243 717 323 757 hac
347 716 641 757 involuntaria
665 715 957 771 impressione
981 713 1303 770 desperationis
1327 713 1501 754 conficit
1525 712 1654 753 sacri-

173 784 320 824 ficium
351 783 600 824 absolutum
630 783 696 823 sui
724 783 938 823 interesse
971 781 1141 838 proprii
1173 780 1317 837 quoad
1347 780 1651 822 aeternitatem.

231 853 306 892 XI.
345 852 392 891 In
422 851 504 891 hoc
534 859 647 891 statu
672 850 815 891 anima
840 849 999 890 amittit
1021 865 1195 890 omnem
1222 864 1343 904 spem
1370 848 1435 889 sui
1457 846 1656 904 proprii3

174 918 406 967 interesse,
441 917 517 957 sed
550 933 787 973 numquam
818 916 977 957 amittit
1010 917 1054 957 in
1088 925 1212 972 parte
1247 915 1482 971 superiori,
1516 914 1561 954 id
1592 922 1657 954 est

174 985 219 1025 in
245 985 334 1026 suis
361 984 530 1025 actibus
557 984 755 1034 directis,
784 993 825 1024 et
851 984 1018 1024 intimis
1041 999 1164 1039 spem
1190 982 1446 1039 perfectam,
1472 997 1566 1038 quae
1592 989 1658 1022 est

175 1050 445 1091 desiderium
475 1050 867 1091 desinteressatum
895 1049 1256 1105 promissionum.

234 1119 329 1158 XII.
366 1118 571 1158 Director
606 1127 710 1158 tunc
758 1126 902 1173 potest
948 1117 1050 1157 huic
1091 1116 1244 1157 animae
1284 1115 1539 1172 permittere
1585 1114 1658 1156 ut4

177 1185 438 1241 simpliciter
460 1185 713 1240 acquiescat
734 1186 915 1240 jacturae
942 1184 1007 1224 sui
1034 1184 1204 1240 proprii
1226 1183 1441 1224 interesse
1468 1192 1510 1223 et
1530 1183 1658 1238 justae

176 1252 550 1301 condemnationi,
580 1268 709 1308 quam
737 1251 820 1291 sibi
850 1268 871 1292 a
896 1253 988 1291 Deo
1017 1251 1227 1292 indictam
1258 1250 1413 1291 credit.

233 1320 350 1359 XIII.
389 1318 576 1359 Inferior
611 1318 776 1359 Christi
811 1334 912 1374 pars
947 1318 990 1358 in
1025 1319 1165 1359 Cruce
1199 1333 1287 1358 non
1321 1316 1659 1358 communicavit

177 1386 423 1442 superi0ri5
451 1402 549 1426 suas
578 1385 893 1426 involuntarias
922 1385 1295 1441 perturbationes.

234 1454 346 1494 XIV.
385 1454 432 1493 In
467 1453 673 1493 extremis
701 1452 1056 1508 probationibus,
1088 1468 1168 1508 pro
1199 1451 1505 1508 purificatione
1539 1466 1659 1492 amo-

177 1520 260 1570 ris,
292 1520 338 1561 fit
365 1520 562 1576 qua‘dam
592 1520 811 1576 separatio
840 1519 976 1575 partis
1008 1519 1250 1575 superioris
1283 1519 1435 1559 animae
1464 1519 1517 1559 ab
1546 1517 1658 1558 inse-

177 1587 339 1627 riori...
380 1589 426 1627 In
465 1587 546 1627 ista
582 1587 857 1643 separatione
896 1596 1016 1628 actus
1052 1587 1188 1642 partis
1224 1585 1446 1626 inferioris
1482 1594 1659 1626 manant

179 1654 257 1695 ex7
281 1654 458 1694 omnino
485 1670 596 1695 cseca
621 1663 662 1695 et
687 1654 980 1695 involuntaria
1005 1653 1362 1710 perturbatione:
1393 1669 1492 1693 nam
1519 1662 1659 1693 totum

180 1724 297 1780 quod
320 1734 383 1765 est
407 1724 701 1765 voluntarium
727 1734 767 1765 et
796 1724 1111 1773 intellectuale,
1142 1733 1207 1764 est
1232 1723 1370 1779 partis
1397 1722 1654 1779 superioris.

238 1793 328 1833 XV.
365 1791 594 1832 Meditatio
623 1801 794 1832 constat
821 1791 1080 1832 discursivis
1109 1791 1295 1840 actibus,
1327 1790 1401 1847 qui
1431 1806 1454 1830 a
1482 1806 1525 1831 se
1555 1789 1660 1830 invi-

181 1859 302 1899 cemS
327 1859 451 1899 facilc
479 1859 867 1917 distinguuntur...
901 1861 985 1900 Ista
1011 1858 1273 1914 compositio
1300 1866 1473 1898 actuum
1495 1857 1660 1897 discur-

181 1926 372 1966 sivorum
407 1935 448 1967 et
484 1925 746 1967 ressexorum
783 1936 848 1967 est
885 1926 1063 1982 propria
1102 1925 1312 1966 exercitio
1350 1924 1510 1965 amoris
1547 1923 1661 1964 inte-

181 1993 380 2034 ressati‘v‘.

239 2062 351 2102 XVI.
390 2062 526 2102 Datur
555 2070 691 2102 status
723 2060 1109 2117 contemplationis
1140 2060 1248 2101 adeo
1280 2059 1498 2109 sublimis,
1530 2057 1662 2099 adeo-

184 2143 267 2183 que
287 2128 317 2155 10
344 2128 548 2183 perfecta·
576 2138 622 2169 ut
652 2128 725 2169 fiat
757 2128 1011 2172 habitualis„
1036 2128 1095 2168 ita
1116 2136 1161 2168 ut
1191 2127 1362 2183 quoties
1392 2126 1534 2166 anima
1565 2133 1662 2165 actu

184 2203 299 2244 orat,
340 2210 414 2234 sua
449 2195 588 2235 oratio
624 2195 679 2235 sit
716 2194 1076 2250 contemplativa,
1117 2210 1204 2234 non
1242 2193 1499 2234 discursiva.
1541 2193 1662 2232 Tunc

249 2364 255 2369 .
281 2340 372 2379 Page
387 2342 436 2369 87.

251 2405 256 2410 .
282 2381 373 2420 Pago
391 2382 441 2411 90.

282 2422 391 2461 Pagos
409 2424 448 2451 90
465 2426 497 2451 et
514 2423 563 2452 91.

251 2486 256 2491 .
283 2463 373 2502 Page
390 2463 440 2492 91.

251 2527 256 2532 .
282 2504 390 2542 Pagos
410 2504 464 2532 121
485 2507 517 2532 et
538 2504 604 2533 122.

283 2544 373 2583 Page
392 2544 459 2573 131.

251 2608 257 2613 .
284 2585 374 2624 Pago
396 2585 461 2614 123.

251 2649 257 2655 .
283 2625 373 2664 Pago
396 2626 462 2654 164.

227 2668 257 2694 9.
282 2666 372 2705 Pago
388 2666 457 2695 1⁴55.

229 2706 277 2735 10.
303 2706 394 2746 Pago
411 2707 479 2736 1713.

225 2340 255 2653 <noxietas-*fama
