1839 3049
166 193 224 223 164
645 193 696 223 LE
719 183 989 223 JANsFJNJSME
1014 193 1068 222 EN
1089 192 1168 223 1705

223 270 478 311 ALEXANDER
521 270 769 326 Episcopus
816 286 966 310 servus
1011 285 1234 310 servorum
1279 269 1375 309 Dei.
1418 268 1645 310 Universis

167 339 332 380 Christi
368 338 573 378 fidelibus
617 338 799 378 salutem
839 347 877 378 et
924 337 1225 393 Apostolicam
1262 335 1641 377 Benedictionem.

162 405 230 446 Ad
275 406 478 446 Sanctam
519 405 641 446 Beati
681 405 801 445 Petri
845 403 1005 445 Sedem
1043 413 1085 444 et
1125 403 1396 444 Universalis
1436 403 1646 444 Ecclesiae

164 473 385 532 regimen,
440 472 717 513 inscrutabili
769 471 936 512 Divina‘
987 470 1275 527 providentiae
1327 469 1642 525 dispositione,

165 540 297 581 nullis
319 541 482 581 nostris
509 539 853 597 suffragantibus
876 538 1044 579 meritis
1068 537 1221 588 evecti,
1245 537 1355 578 nihil
1377 537 1513 577 Nobis
1539 536 1645 578 anti-

166 607 294 663 quius
335 624 385 649 ex
426 607 619 648 muneris
662 606 802 647 nostri
846 605 996 646 debito
1035 621 1130 646 esse
1168 604 1393 654 duximus,
1435 620 1563 660 quam
1599 612 1647 644 ut

167 685 325 716 sanctae
347 675 469 715 Fidei
492 685 668 724 nostrae,
691 690 738 714 ac
764 674 998 714 Sacrorum
1017 674 1281 732 Dogmatum
1300 671 1543 730 integritati
1562 680 1644 712 tra-

167 741 254 783 dita
294 742 429 783 Nobis
469 758 491 782 a
533 743 625 782 Deo
662 750 878 797 potestate
916 749 1164 796 opportune
1202 739 1549 780 consuleremus.
1583 738 1646 779 Ae

165 808 268 849 licet
300 826 363 851 ea.
400 825 493 865 quae
524 808 793 865 Apostolicis
829 807 1232 849 Constitutionibus
1264 805 1437 847 abunde
1471 806 1647 846 suerunt

165 876 366 927 definita,
418 893 537 917 novae
587 875 842 924 decisionis,
893 875 980 915 sive
1031 874 1343 915 declarationis
1393 873 1645 914 accessione

164 959 440 1000 nequaquam
467 943 719 1002 indigeant3
749 943 850 999 quia
877 952 1023 984 tamen
1052 941 1187 998 aliqui
1213 941 1400 997 publicae
1427 940 1646 996 tranquil-

165 1011 300 1052 litatis
328 1012 660 1067 perturbatores
692 1010 767 1051 illa
798 1010 842 1050 in
874 1010 1056 1050 dubium
1089 1024 1310 1057 revocare,
1346 1008 1413 1049 vel
1446 1007 1645 1048 subdolis

164 1078 605 1134 interpretationibus
630 1078 893 1118 labefactare
921 1093 1007 1117 non
1032 1086 1254 1127 verentur,
1280 1092 1332 1116 ne
1360 1076 1538 1116 morbus
1564 1075 1644 1116 iste

164 1145 294 1186 latius
329 1146 574 1204 divagetur,
614 1154 866 1202 promptum
899 1144 1165 1200 Apostolicae
1200 1143 1472 1184 auctoritatis
1510 1158 1645 1184 reme-

166 1212 285 1254 dium
314 1214 564 1254 censuimus
593 1229 680 1253 non
707 1229 801 1253 esse
830 1211 1141 1252 differendum.

225 1281 449 1322 Emanavit
483 1280 701 1337 siquidem
733 1280 838 1321 alias
868 1296 889 1320 a
921 1279 992 1319 sel.
1028 1295 1116 1319 rec.
1152 1278 1410 1319 Innocentio
1444 1279 1562 1333 Papa
1587 1278 1642 1327 X,

166 1348 491 1403 praedecessore
532 1357 700 1397 nostro,
744 1347 1033 1396 Constitutio,
1072 1346 1322 1387 Declaratio
1360 1355 1400 1386 et
1436 1344 1645 1385 Definitio

165 1416 332 1456 tenoris
358 1417 432 1472 qui
459 1416 672 1472 sequitur,
699 1415 906 1456 videlicet
935 1431 942 1454 :

224 1485 506 1524 INNOCENTms
540 1483 816 1539 Episcopus1
849 1498 998 1523 servus
1033 1497 1258 1522 servornm
1289 1480 1385 1521 Dei.
1418 1479 1645 1521 Universis

166 1551 332 1592 Christi
365 1551 569 1591 fidelibus
606 1550 799 1591 Salutem
841 1559 882 1591 et
922 1549 1222 1605 Apostolicam
1260 1546 1639 1589 Benedictionem.

166 1620 274 1661 Cum
310 1619 540 1660 occasione
577 1618 882 1674 impressionis
919 1617 1056 1667 Libri,
1089 1617 1157 1658 cui
1184 1616 1338 1658 titulus
1371 1615 1643 1672 Augustinus

165 1687 359 1728 Cornelii
394 1686 587 1727 Jansenii
623 1685 834 1742 Episcopi
869 1685 1086 1741 Iprensis,
1127 1684 1241 1725 inter
1275 1683 1380 1724 alias
1417 1684 1509 1739 ejus
1548 1681 1644 1738 opi-

165 1754 335 1804 niones,
381 1763 484 1795 ortae
525 1753 702 1803 fuerint,
750 1752 995 1809 praesertim
1039 1752 1082 1792 in
1125 1751 1298 1799 Galliis,
1344 1749 1645 1791 controversia

165 1838 296 1878 super
325 1821 518 1878 quinque
545 1837 596 1861 ex
620 1820 724 1869 illis,
753 1820 1002 1876 complures
1025 1819 1268 1859 Galliarum
1289 1817 1500 1874 Episcopi
1527 1816 1643 1873 apud

165 1905 244 1930 nos
289 1889 565 1939 institerunt,
612 1898 657 1929 ut
700 1888 875 1929 easdem
920 1886 1248 1943 propositiones
1290 1885 1427 1926 Nobis
1474 1883 1644 1925 oblatas

165 1956 530 2013 expenderemus,
565 1972 611 1996 ac
641 1956 693 1996 de
725 1971 986 2011 unaquaque
1023 1970 1171 1995 earum
1205 1962 1369 1994 certam
1398 1961 1437 1993 et
1470 1950 1644 2008 perspi-

165 2040 288 2065 cuam
318 2024 529 2065 ferremus
559 2023 836 2064 sententiam.
869 2023 1013 2063 Tenor
1043 2037 1145 2062 vero
1174 2020 1452 2077 praefatarum
1480 2034 1644 2075 propo-

166 2091 373 2132 sitionum
408 2100 471 2131 cst
504 2100 633 2147 prout
669 2090 881 2147 sequitur.
920 2089 1081 2130 Prima.
1118 2089 1278 2144 Aliqua
1311 2087 1391 2128 Dei
1426 2095 1645 2143 praeeepta

164 2158 417 2199 hominibus
442 2158 572 2214 justis
600 2158 873 2207 volentibus,
903 2166 943 2198 et
971 2156 1233 2197 conantibus
1263 2153 1504 2195 secundum
1532 2169 1645 2210 prae—

166 2234 328 2275 sentes,
357 2241 463 2282 quas
490 2226 651 2265 habent
680 2225 811 2275 vires,
841 2233 939 2265 sunt
967 2222 1285 2280 impossibilia3
1316 2221 1439 2262 deest
1469 2236 1642 2277 quoque

165 2292 252 2332 illis
278 2293 443 2339 Gratia,
471 2309 553 2348 qua
580 2292 810 2348 possibilia
835 2292 954 2332 fiant.
987 2290 1188 2332 Secunda
1212 2307 1218 2330 :
1252 2288 1456 2330 Interiori
1482 2287 1644 2329 Gratiae

165 2359 208 2399 in
255 2369 366 2401 statu
415 2369 577 2400 natursr
626 2360 757 2415 lapsae
804 2375 1027 2415 nunquam
1076 2357 1312 2398 resistitur.
1366 2355 1527 2396 Tertia.
1576 2354 1644 2396 Ad

166 2427 420 2468 merendum
466 2437 505 2468 et
553 2426 867 2467 demerendum
918 2426 961 2466 in
1008 2434 1121 2466 statu
1167 2434 1331 2465 naturae
1378 2423 1510 2479 lapsae
1556 2437 1643 2463 non

165 2495 405 2550 requiritur
445 2494 488 2534 in
528 2494 704 2535 homine
748 2494 929 2534 libertas
969 2510 990 2533 a
1039 2492 1318 2540 necessitate,
1364 2490 1440 2531 sed
1485 2487 1645 2530 sufficit

164 2561 345 2602 libertas
386 2578 407 2601 a
451 2561 691 2602 coactione.
736 2562 914 2612 Quarta.
963 2557 1306 2618 Semipclagiani
1354 2556 1645 2598 admittebant

208 2733 237 2764 1.
264 2734 496 2765 Constitution
512 2733 556 2763 du
571 2733 606 2763 31
628 2733 694 2763 mai
719 2734 805 2765 1653.
