1839 3049
564 205 676 236 BREF
700 206 758 235 DU
782 205 891 235 PAPE
917 205 1136 235 INNOCENT
1162 206 1202 235 XI
1586 208 1621 237 [A

137 294 276 335 tate53
306 292 477 326 tantum
502 283 626 324 abest
653 290 698 323 ut
722 298 874 323 eorum
899 282 1098 339 exempla
1117 283 1291 339 possint
1315 283 1452 324 errori
1481 292 1625 324 vestro

136 351 395 410 suffragari.

199 420 418 461 Caeterum
458 418 575 458 ultro
608 416 880 458 admittimus
915 424 957 457 et
981 416 1211 457 laudamus
1241 416 1485 457 Consilium
1516 416 1626 457 rela-

136 487 269 529 xandi
294 487 522 528 Canonum
547 484 828 540 disciplinam
858 500 937 540 pro
962 492 1210 540 temporum
1246 484 1526 533 necessitate,
1552 483 1627 524 ubi

136 554 230 596 fieri
252 554 296 595 id
319 552 477 611 possit,
504 551 598 593 sine
619 551 721 592 fidei
740 559 783 592 et
806 567 975 592 morum
998 551 1249 609 dispendio,
1274 552 1406 591 immo
1427 539 1627 591 addimus

136 639 234 664 cum
258 620 523 679 Augustino,
551 619 778 661 toleranda
803 619 1037 676 aliquando
1059 635 1138 676 pro
1163 620 1277 660 bono
1307 618 1502 669 unitatis,
1533 634 1627 674 quac

136 706 217 748 pro
253 690 371 730 bono
407 688 626 746 aequitatis
653 686 755 728 odio
790 686 994 728 habenda
1026 696 1151 737 sunt;
1189 702 1331 743 neque
1366 685 1627 727 eradicanda

137 757 317 808 zizania,
346 757 418 797 ubi
443 755 687 813 periculum
713 758 786 806 sit,
823 771 876 795 ne
909 755 1037 796 simul
1060 756 1190 796 etiam
1211 755 1406 795 triticum
1432 754 1629 794 eradice-

137 834 232 876 tur3
263 824 308 866 id
333 825 391 865 ita
412 832 560 864 tamen
591 823 731 880 accipi
757 832 947 880 oportet,
979 831 1026 863 ut
1055 823 1099 863 in
1126 823 1273 879 aliquo
1301 830 1469 862 tantum
1495 836 1628 878 pecu-

137 893 234 935 liari
256 908 374 943 casu,
402 900 445 933 et
463 891 517 933 ad
540 899 731 948 tempusa,
757 900 799 932 et
821 891 896 932 ubi
925 890 1165 932 necessitas
1195 898 1337 948 urget,
1365 888 1533 930 licitum
1554 888 1626 939 sit,

139 960 268 1003 sicuti
310 960 469 1002 factum
509 967 575 1000 est
610 958 662 999 ab
702 958 915 1009 Ecclesia,
954 974 1050 999 cum
1091 959 1277 1000 Arianos
1306 966 1349 998 et
1377 955 1628 998 Donatistas

138 1029 384 1086 Episcopos
412 1029 580 1084 ejurato
604 1042 752 1067 errore
776 1027 865 1067 suis
892 1026 1103 1068 Ecclesiis
1132 1026 1340 1077 restituit,
1372 1034 1417 1066 ut
1440 1024 1628 1082 populos

139 1096 210 1154 qui
236 1096 375 1138 secuti
399 1111 474 1136 eos
500 1095 688 1143 fuerant,
716 1095 760 1135 in
782 1094 927 1135 officio
951 1095 1213 1136 contineret.

199 1163 331 1206 Aliud
354 1172 419 1204 est
451 1162 526 1204 ubi
549 1161 786 1219 disciplina
818 1163 1027 1204 Ecclesiae
1054 1179 1132 1220 per
1164 1161 1417 1203 universum
1450 1159 1627 1217 amplis-

141 1233 239 1273 simi
262 1230 388 1290 regni
413 1231 627 1271 ambitum
646 1229 740 1271 sine
768 1231 982 1288 temporis
1001 1231 1188 1271 termino
1212 1238 1254 1270 et
1277 1246 1374 1269 cum
1397 1228 1629 1269 manifesto

139 1299 352 1358 periculo,
379 1315 431 1339 ne
454 1298 703 1355 exemplum
728 1297 858 1339 latius
885 1307 1045 1349 manet,
1070 1298 1374 1347 labefactatur,
1400 1297 1485 1336 imo
1513 1311 1629 1335 cver-

140 1367 247 1409 titur
278 1367 417 1424 ipsius
451 1366 698 1423 disciplinae
739 1375 781 1407 et
813 1365 1080 1408 Hierarchire
1111 1364 1431 1407 Ecclesiasticae
1476 1363 1628 1403 funda-

143 1443 353 1485 mentum,
379 1432 507 1474 sicuti
530 1433 706 1474 evenire
730 1449 910 1474 necesse
939 1442 1021 1484 est,
1050 1433 1084 1474 si
1105 1449 1200 1490 quae
1228 1434 1385 1489 aRege
1415 1429 1629 1472 Christia-

143 1502 325 1544 nissimo
356 1502 401 1542 in
426 1500 605 1559 negotio
631 1501 823 1559 Regaliae
847 1517 988 1558 nuper
1013 1510 1106 1542 acta
1130 1509 1247 1550 sunt,
1272 1498 1627 1547 conniventibus,

141 1571 227 1612 imo
252 1570 380 1610 etiam
400 1569 780 1610 consentientibus
800 1569 943 1619 vobis,
964 1577 1114 1610 contra
1137 1583 1361 1609 sacrorum
1383 1567 1627 1614 Canonum,

144 1646 186 1680 et
213 1637 459 1695 praesertim
492 1636 713 1695 generalis
742 1637 929 1678 Concilii
958 1637 1268 1695 Lugdunensis
1299 1632 1628 1680 auctoritatem3

142 1714 293 1747 contra
313 1713 461 1746 notam
481 1704 746 1762 jampridem
774 1706 897 1746 vobis
925 1706 968 1746 in
993 1721 1042 1746 ea
1070 1721 1115 1745 re
1142 1713 1332 1746 mentem
1354 1710 1565 1750 nostram,
1591 1708 1633 1740 et

141 1782 293 1816 contra
317 1773 457 1830 ipsam
475 1772 766 1829 jurisjurandi
787 1773 1079 1832 Religionem,
1104 1789 1188 1830 qua
1212 1788 1304 1821 vos,
1333 1773 1442 1819 Deo,
1470 1771 1629 1811 Roma-

143 1857 224 1893 nae,
250 1840 495 1898 vestrisque
528 1840 756 1892 Ecclesiis,
790 1841 1040 1899 obligastis,
1073 1857 1169 1881 cum
1205 1838 1457 1897 Episcopali
1485 1852 1630 1877 carac-

142 1918 234 1950 tere
262 1908 583 1950 imbueremini.
620 1911 718 1950 Haec
742 1918 890 1950 sancta
919 1909 1057 1951 Sedes
1086 1906 1334 1950 executioni
1360 1903 1557 1946 mandari
1592 1911 1635 1943 et

142 1977 302 2018 malum
329 1976 598 2017 invalescere
626 1976 793 2018 diutius
826 1977 1072 2018 differendo
1098 1977 1392 2034 permitteret,
1424 1974 1458 2014 si
1480 1988 1565 2013 non
1586 1987 1635 2012 ea

145 2061 223 2086 nos
269 2061 349 2102 pro
395 2044 555 2085 tradita
598 2044 808 2086 divinitus
858 2044 1096 2086 humilitati
1138 2053 1298 2085 nostrze
1340 2056 1542 2098 suprema
1590 2038 1633 2079 in

146 2112 387 2155 Ecclesiam
421 2113 670 2153 universam
699 2121 936 2169 potestate,
970 2112 1155 2153 solemni
1185 2126 1304 2152 more
1335 2109 1635 2150 Praedccesso-

147 2197 241 2222 rum
283 2189 534 2221 nostrorum
570 2179 768 2237 vestigiis
801 2180 1084 2229 inhaerentes,
1131 2179 1494 2235 improbaremus.
1527 2176 1635 2216 Cum

145 2247 365 2306 paesertim
399 2263 477 2304 per
515 2248 698 2288 abusum
734 2248 942 2306 chaliae,
972 2264 1060 2288 non
1090 2247 1228 2288 solum
1266 2244 1402 2286 everti
1436 2241 1636 2298 discipli-

148 2332 246 2357 nam
269 2315 493 2365 Ecclesiae,
519 2331 587 2356 res
610 2314 703 2372 ipsa
723 2315 895 2365 doceat,
918 2315 995 2356 sed
1018 2315 1149 2356 etiam
1172 2314 1273 2354 fidei
1297 2312 1433 2369 ipsius
1458 2307 1636 2367 integri-

146 2391 279 2425 tatem
307 2383 350 2424 in
374 2382 612 2424 discrimen
645 2383 791 2424 vocari
822 2382 944 2424 facile
970 2382 1243 2440 intelligatur
1271 2396 1322 2421 ex
1345 2379 1452 2435 ipsis
1474 2377 1638 2434 Regio-

146 2467 241 2492 rum
278 2450 557 2491 decretorum
588 2449 734 2491 verbis
770 2467 865 2508 quae
890 2452 954 2507 jus
994 2448 1249 2490 conserendi
1281 2445 1492 2488 beneficia
1529 2442 1637 2500 Regi

147 2518 389 2568 vindicant,
427 2535 514 2559 non
538 2526 745 2574 tanquam
777 2518 1018 2575 profluens,
1048 2534 1098 2558 ex
1125 2516 1267 2572 aliqua
1306 2513 1512 2555 Ecclesiae
1541 2527 1638 2552 con-

149 2587 364 2637 cessione,
395 2586 471 2627 sed
491 2594 700 2642 tanquam
723 2586 969 2643 ingenitum
993 2594 1035 2626 et
1064 2599 1252 2625 cozevum
1276 2583 1423 2638 Regiae
1447 2595 1634 2621 coronae.

211 2654 334 2695 Illam
362 2670 465 2695 vero
494 2662 662 2710 partem
695 2653 937 2694 litterarum
970 2661 1228 2702 vestrarum,
1262 2666 1349 2690 non
1381 2649 1475 2689 sine
1507 2645 1638 2686 animi

155 2723 338 2763 horrore
376 2722 524 2780 legere
559 2720 781 2778 potuimus
811 2722 853 2761 in
896 2738 980 2778 qua
1017 2719 1163 2761 (licitis
1196 2736 1203 2759 :
1241 2720 1328 2761 Vos
1361 2719 1459 2772 jure
1495 2722 1638 2754 vestro
