1839 3049
208 201 244 231 74
636 199 853 230 L’AFFAIRE
878 199 958 229 DES
984 198 1249 229 FRANCHISES

206 279 309 319 bere
333 277 483 319 volens
508 277 645 318 felicis
668 275 984 318 recordationis
1008 275 1109 316 Pius
1141 291 1250 332 papa
1279 277 1349 325 IV,
1376 275 1678 318 Praedecessor

207 354 371 395 noster,
397 346 463 387 cui
490 355 587 402 post
614 345 718 385 alias
748 346 827 385 hac
850 360 898 384 ac
921 359 965 384 re
990 343 1232 400 praesertim
1258 359 1277 384 a
1301 344 1380 400 piae
1406 360 1533 385 mem.
1565 343 1678 386 Julio

206 429 316 471 papa
343 415 399 454 III
423 413 718 471 promulgatas
743 411 1090 453 Constitutiones
1115 410 1380 461 innotuerat,
1410 411 1678 468 quampluri-

208 496 299 521 mos
334 480 474 521 adhuc
508 496 602 521 esse
633 480 676 520 in
704 479 820 521 Urbe
849 478 922 535 qui
950 478 1015 518 vel
1043 479 1099 519 ob
1127 479 1357 520 commissa
1387 478 1584 529 crimina,
1613 479 1678 520 vel

205 548 260 588 ob
299 564 354 589 aes
399 547 586 589 alienum
622 555 893 589 contractum
942 545 1025 587 sibi
1064 562 1085 586 a
1125 547 1361 596 Ministris,
1410 546 1679 603 Justitiaeque

208 616 522 656 Executoribus
545 615 769 664 timentes,
800 613 853 654 ad
888 613 1001 654 aedes
1028 614 1281 665 Primatum,
1313 614 1441 655 etiam
1472 615 1515 656 S.
1545 615 1597 656 R.
1627 616 1674 656 E.

206 683 501 723 (jardinalium
542 699 589 723 ae
631 684 861 723 Oratorum
904 680 1158 738 Principum
1201 682 1263 722 uti
1308 681 1401 722 loca
1440 689 1532 722 tuta
1573 697 1678 738 quas

207 750 478 793 Franchitias
498 750 777 807 appellabant
799 749 1102 805 confugerent,
1124 764 1259 804 eaque
1285 749 1451 789 ratione
1476 747 1679 805 impuniti

208 818 439 859 evaderent
469 826 511 859 ct
536 818 785 859 Creditores
808 816 1054 866 eluderent,
1082 815 1206 856 aliam
1231 815 1369 857 edidit
1390 816 1679 857 Constitutio-

209 901 304 926 nem
330 902 412 942 qua
446 886 574 926 etiam
603 886 681 925 sub
717 884 885 926 arbitrii
914 884 1054 941 poenis
1093 884 1250 934 sanxit,
1285 900 1337 924 ne
1367 883 1479 924 ullus
1506 892 1605 940 post
1637 883 1680 924 id

207 962 377 1010 tempus
435 955 744 1009 cujuscumque
796 952 1022 1009 dignitatis
1075 960 1117 992 et
1161 951 1499 1008 proeeminentiae
1553 951 1678 1002 soret,

207 1020 319 1061 wdes
344 1021 575 1078 praedictas
604 1029 674 1061 aut
701 1020 782 1060 alia
808 1034 1090 1076 quaecumque
1117 1018 1210 1059 loca
1240 1018 1511 1059 Franchitias
1537 1019 1681 1075 appel-

207 1088 294 1129 lare
311 1089 491 1134 audeat;
515 1105 621 1129 neve
644 1088 915 1136 Cardinales,
935 1088 1140 1128 Oratores
1163 1102 1210 1127 ac
1234 1087 1445 1127 Primates
1466 1086 1679 1143 praedicti,

206 1156 375 1197 etiamsi
415 1155 502 1206 sui,
539 1165 581 1196 et
621 1155 802 1197 Romani
840 1154 1065 1195 pontificis
1103 1170 1181 1211 pro
1221 1163 1418 1210 tempore
1455 1155 1682 1195 existentis

207 1226 415 1281 NepoteS‚
436 1232 508 1264 aut
532 1223 615 1264 alio
638 1222 1032 1281 consanguinitatis
1056 1222 1121 1262 vel
1144 1221 1365 1262 affinitatis
1387 1221 1559 1263 vinculo
1585 1237 1683 1263 con-

201 1292 341 1348 junc-ti
369 1301 531 1338 essent,
556 1307 794 1348 eorumque
820 1290 1051 1331 familiares
1078 1298 1150 1331 aut
1176 1291 1219 1330 in
1246 1290 1442 1346 ipsorum
1469 1289 1682 1331 Domibus

208 1368 546 1410 commorantes,
579 1360 623 1400 in
662 1358 826 1399 eisdem
860 1358 1072 1398 Domibus
1106 1374 1181 1398 seu
1218 1358 1322 1398 locis
1361 1357 1682 1399 circumvicinis

208 1427 424 1469 maleficos
445 1426 619 1484 quosvis
642 1426 770 1467 etiam
792 1426 1066 1466 indemnatos
1091 1433 1163 1466 aut
1183 1442 1265 1466 {ere
1289 1425 1428 1466 alieno
1448 1424 1682 1466 obstrictos

206 1499 371 1550 (eontra
399 1511 506 1551 qnos
534 1503 678 1535 tamen
708 1493 908 1534 mandata
936 1494 1158 1534 executiva
1188 1492 1451 1533 instantibus
1481 1492 1683 1534 Credito-

206 1564 326 1604 ribus
352 1565 439 1619 jain
471 1562 646 1604 decreta
682 1570 724 1602 et
761 1561 948 1602 relaxata
983 1561 1144 1617 essent)
1172 1569 1218 1601 ut
1245 1577 1266 1601 e
1295 1569 1511 1617 potestate
1544 1559 1683 1601 Curife

211 1630 438 1672 Sa‘cularis
466 1631 539 1671 sic'
557 1630 851 1671 eximerentur
878 1636 1123 1685 receptare,
1151 1628 1216 1669 vel
1236 1637 1447 1684 prfetextu
1476 1628 1684 1669 Franchi-

207 1698 276 1740 tia·
295 1714 470 1739 securos
493 1698 677 1738 reddere
697 1706 768 1737 aut
784 1696 966 1738 Justitiae
989 1698 1270 1747 Exeeutores,
1295 1696 1528 1753 quominus
1548 1696 1684 1737 libere

209 1765 351 1807 officio
383 1781 459 1806 suo
488 1774 636 1806 contra
665 1765 839 1806 eosdem
874 1764 992 1821 fungi
1025 1772 1220 1820 possent,
1251 1779 1526 1820 quocumque
1556 1763 1684 1805 modo

207 1834 420 1890 impedire
461 1834 696 1883 auderent3
731 1832 924 1888 alioquin
959 1839 1252 1888 receptantes,
1277 1831 1526 1888 hujusmodi
1559 1847 1684 1872 secu-

207 1903 378 1942 ritatem
405 1909 661 1958 pra‘stantes
691 1916 765 1941 seu
792 1902 1056 1941 Exeeutores
1079 1899 1262 1940 Justitiae
1281 1898 1572 1955 impedientes
1590 1898 1680 1949 vel,

207 1969 403 2010 excitatis
432 1968 695 2009 elamoribus
727 1967 1041 2017 Cardinalium,
1071 1968 1303 2008 Oratorum
1336 1983 1410 2008 seu
1446 1967 1682 2008 Primatum

207 2037 502 2094 quorumlibet
533 2052 689 2077 nomen
723 2035 868 2077 auxilii
898 2051 1025 2077 eausa
1052 2034 1322 2084 invocantes,
1351 2043 1423 2075 aut
1451 2050 1682 2091 quoscum-

207 2122 289 2162 que
318 2105 422 2145 alios
449 2105 489 2145 in
517 2106 635 2161 ipsos
663 2103 845 2145 Justitiae
869 2102 1095 2145 Ministros
1126 2102 1421 2153 concitantes,
1451 2102 1567 2143 velut
1599 2101 1683 2143 cri-

209 2173 336 2214 minis
362 2173 470 2213 larsa=
498 2172 733 2229 majestatis
759 2173 835 2213 Rei
861 2172 1007 2228 dignis
1037 2171 1177 2227 poenis
1203 2170 1505 2211 afficerentur:
1534 2178 1683 2211 eontra

208 2257 315 2297 quos
344 2241 471 2281 etiam
500 2241 552 2281 ad
580 2239 684 2280 alias
714 2255 863 2296 poenas
896 2238 1055 2296 quibus
1084 2238 1266 2279 malefici
1300 2238 1383 2294 ipsi
1412 2237 1554 2294 puniti
1580 2237 1684 2278 suis-

209 2317 303 2349 scnt
330 2308 393 2349 vel
423 2324 527 2364 quas
554 2308 913 2364 promeruissent,
944 2322 1112 2347 necnon
1137 2306 1188 2346 ad
1212 2305 1550 2346 satisfactionem
1580 2306 1684 2346 Cre-

208 2377 395 2417 ditorum
424 2375 550 2416 etiam
586 2392 637 2416 ex
664 2375 807 2415 officio
838 2383 879 2414 et
906 2374 957 2414 ad
981 2373 1091 2415 Fisci
1123 2373 1398 2430 partiumque
1430 2372 1683 2413 instantium

210 2443 386 2500 inquiri,
410 2443 585 2499 procedi
608 2451 648 2483 ‹ft
671 2441 950 2483 condemnari
976 2441 1135 2481 debere
1157 2441 1292 2481 voluit
1316 2449 1444 2497 atque
1464 2439 1681 2487 decrevit;

207 2511 283 2551 sed
321 2527 416 2551 cum
457 2512 537 2551 hac
580 2511 669 2567 ipsa
709 2510 770 2551 Pii
812 2508 1153 2550 Prwdeeessoris
1194 2508 1461 2548 constitutio
1505 2515 1684 2564 propter

210 2578 382 2618 nimiam
414 2578 704 2634 corruptelam
737 2577 911 2617 minimo
941 2586 1091 2633 postea
1126 2576 1181 2616 sit
1208 2592 1322 2625 eum,
1353 2591 1481 2632 quem
1517 2574 1680 2624 decuit,

209 2645 409 2685 effectum
447 2653 677 2686 consecuta
716 2662 722 2684 :
764 2646 851 2686 Nos
885 2644 1080 2685 volentos
1119 2644 1296 2684 omnino
1336 2643 1375 2683 in
1411 2642 1533 2683 Alma
1566 2643 1682 2684 Urbe

210 2722 357 2756 nostra
390 2714 444 2756 ita
470 2713 651 2755 Justitia·
679 2713 827 2754 debito
855 2713 907 2754 ab
936 2712 1138 2753 omnibus
1170 2711 1371 2753 satisfieri
1401 2720 1445 2752 ut
1473 2718 1681 2768 perpetua
