1839 3049
669 163 811 194 BULLE
832 162 959 193 VINEA
967 163 1002 192 M
1017 164 1176 192 DOMINI
1597 166 1653 195 ‘107

233 243 335 291 Nos,
373 241 445 298 qui
481 240 642 291 omnia,
678 257 771 297 qua·
806 241 886 280 hae
919 239 958 279 in
998 256 1042 280 re
1077 248 1199 296 gesta
1235 249 1351 282 sunt,
1389 239 1656 281 sufficienter

175 319 217 351 et
259 318 422 350 attente
468 308 790 365 perspeximus,
844 316 993 362 utpote
1044 306 1117 362 qui
1168 307 1363 361 ejusdem
1414 308 1655 348 innocentii

174 376 514 433 przcdecessoris
548 377 696 431 jussu,
737 375 838 414 (lum
877 374 1018 414 31111111·
1064 373 1105 413 111
1148 374 1392 413 minoribus
1430 375 1655 415 constituti

175 444 422 486 Cardinalis
452 459 631 484 munere
659 442 959 499 fungeremur,
982 441 1186 481 omuibus
1217 441 1303 481 illis
1332 442 1657 497 Congressibus

176 511 471 560 interfuimus,
503 510 546 550 in
576 509 735 565 quibus
764 508 1018 564 Apostolica
1054 508 1311 548 amatu-itate
1346 508 1497 548 vadem
1533 525 1659 549 causa

176 578 374 620 discussa
408 587 489 628 est,
521 593 570 618 ea
603 576 802 633 profecto
841 575 1089 633 diligentia,
1128 591 1209 631 qua
1247 577 1383 631 major
1417 575 1661 616 desiderari

177 662 263 686 non
292 655 457 702 posset,
492 659 798 701 quamcunque
831 642 1152 683 dubitationem
1185 659 1317 698 super
1350 643 1588 698 praemissis
1618 644 1660 684 in

177 723 402 769 posterum
428 712 598 753 auferre
621 711 834 759 volentes,
859 720 904 751 ut
927 726 1078 750 omnes
1104 710 1269 750 Christi
1297 710 1450 751 fideles
1476 710 1517 750 111
1546 713 1662 767 ejus-

177 780 276 821 dem
303 780 426 822 Fidei
453 779 618 820 unitate
646 794 740 819 sese
771 778 1041 823 contineant,
1072 793 1123 817 ex
1154 777 1304 818 debito
1335 778 1475 818 nostri
1509 779 1662 819 Pasto-

176 848 280 889 ralis
300 847 461 896 Officii,
482 863 529 888 ac
550 856 715 887 matura
736 845 1074 891 deliberatione,
1094 845 1395 900 praeinsertam
1417 846 1661 887 Innocentii

176 916 517 973 praedecessoris
537 914 676 955 nostri
696 913 1086 959 Constitutionem,
1106 913 1458 953 Declarationcm
1477 923 1517 954 et
1536 913 1662 954 Dissi-

176 984 405 1034 nitionem‚
437 984 591 1024 harum
626 982 737 1023 serie
770 981 1097 1025 confirmamus,
1134 981 1430 1036 approbamus
1465 990 1507 1021 et
1535 981 1662 1021 inno-

175 1068 324 1093 vanius
342 1069 349 1101 ;
370 1061 410 1092 et
433 1051 627 1107 quinque
652 1050 747 1090 illas
773 1048 1103 1105 propositiones
1127 1064 1178 1088 ex
1201 1048 1314 1088 libro
1341 1048 1662 1104 pra‘memorati

177 1119 373 1161 Cornelii
401 1118 595 1159 Jansenii
626 1116 835 1174 Episcopi
870 1115 1081 1172 Iprensis,
1117 1115 1183 1155 cui
1213 1116 1366 1156 titulus
1396 1125 1460 1156 est
1487 1115 1663 1173 Augus-

178 1190 308 1237 tinus,
346 1196 592 1242 excerptas,
627 1201 675 1226 ac
707 1185 751 1225 111
783 1200 913 1225 sensu
945 1184 998 1223 ab
1031 1183 1185 1223 eodem
1217 1183 1424 1224 Cornelio
1457 1182 1662 1223 Jansenio

178 1255 347 1296 intento
384 1254 609 1295 damnatas
655 1252 786 1293 fuisse
827 1251 1101 1292 declaramus
1143 1260 1182 1291 et
1225 1250 1475 1295 definimus,
1517 1266 1564 1291 ac
1602 1250 1663 1291 uti

176 1323 303 1372 tales,
335 1322 476 1362 inusta
508 1321 677 1362 scilicet
709 1319 860 1360 eadem
890 1318 1077 1377 singulis
1110 1328 1227 1365 nota,
1260 1334 1353 1374 qua*
1382 1318 1425 1357 in
1454 1317 1664 1373 praedicta

179 1389 475 1430 declaratione
515 1397 557 1429 et
593 1387 874 1436 definitione,
911 1386 1149 1441 unicnique
1192 1385 1366 1426 illarum
1405 1384 1663 1443 singillatim

178 1457 383 1505 inuritur,
418 1456 576 1498 iterum
605 1455 878 1501 (13111113111115,
917 1470 964 1494 30
995 1453 1184 1493 eumden
1216 1453 1378 1493 librum
1410 1468 1523 1508 sche
1557 1451 1663 1492 dicti

178 1524 374 1567 Cornelii
405 1523 617 1573 Jansenii,
652 1523 719 1564 cui
750 1522 905 1563 titulus
938 1520 1227 1578 Augustinus,
1262 1536 1502 1576 omnesque
1535 1519 1660 1569 alios,

176 1602 264 1634 tam
293 1591 633 1648 manuscriptos,
666 1606 795 1647 quam
822 1589 939 1646 typis
966 1588 1125 1638 editos,
1158 1597 1198 1629 et
1234 1588 1267 1628 si
1302 1604 1411 1644 quos
1441 1588 1587 1627 forsan
1619 1586 1663 1627 111

176 1669 403 1716 posterum
431 1659 501 1700 edi
530 1657 783 1716 contigerit,
815 1657 858 1697 111
893 1656 1052 1712 quibus
1088 1655 1297 1711 praedicta
1331 1655 1528 1711 ejusdem
1560 1656 1662 1695 Cor-

177 1727 282 1767 nelii
314 1726 509 1767 Jansenii
542 1725 769 1770 Doctrina,
799 1733 844 1764 ut
879 1740 1026 1779 supra,
1057 1723 1258 1763 damnata
1292 1722 1561 1772 defenditur,
1594 1722 1661 1762 vel

178 1794 404 1844 astruitur,
429 1802 501 1834 aut
523 1792 833 1836 defendentur,
858 1791 924 1831 vel
948 1800 1184 1834 astruetur,
1211 1790 1467 1830 damnamus
1490 1789 1659 1839 itidem,

178 1871 307 1919 atque
330 1861 633 1918 prohibemus.
659 1859 920 1900 Mandantes
947 1858 1152 1898 omnibus
1175 1857 1341 1899 Christi
1364 1857 1586 1905 fidelibus,
1609 1873 1661 1898 ne

178 1929 432 1986 praedictam
455 1928 701 1969 doctrinam
718 1936 913 1972 teneant,
934 1925 1194 1981 praedicent,
1217 1925 1419 1974 doceant,
1439 1926 1574 1965 verbo
1595 1924 1662 1965 vel

178 1997 344 2054 scripto
370 2005 607 2052 exponant,
634 1995 701 2036 vel
728 1995 1092 2050 interpretentur,
1122 1992 1315 2048 publice,
1344 1992 1411 2032 vel
1440 1992 1660 2048 privatim,

178 2065 337 2122 palam,
358 2064 425 2105 vel
448 2063 617 2104 occulte
637 2062 908 2118 imprimant,
935 2061 1016 2101 sub
1039 2059 1197 2116 poenis,
1224 2069 1264 2100 et
1290 2059 1488 2099 censuris
1511 2068 1662 2100 contra

177 2131 417 2173 Haeretioos
445 2131 489 2171 in
517 2132 617 2171 Jure
648 2129 869 2186 expressis
902 2128 997 2184 ipso
1024 2128 1137 2168 facto
1163 2128 1328 2183 absque
1355 2126 1437 2167 alia
1466 2126 1662 2167 declara-

178 2200 296 2242 tione
325 2198 621 2240 incurrendis.

236 2266 523 2322 Praecipimus
541 2265 676 2324 igitur
699 2264 903 2305 omnibus
922 2262 1251 2303 venerabilibus
1273 2262 1479 2302 fratribus
1500 2261 1662 2302 nostris

177 2333 462 2383 patriarchis,
515 2333 800 2381 primatibus,
855 2330 1227 2387 Metropolitanis,
1280 2327 1659 2384 Archiepiscopis‚

178 2401 434 2458 Episcopis,
480 2400 737 2456 creterisque
786 2399 982 2439 locorum
1030 2396 1302 2440 Ordinariis,
1353 2412 1400 2436 ae
1446 2395 1663 2435 haeretica*

179 2468 406 2525 pravitatis
449 2467 815 2524 Inquisitoribus,
859 2482 906 2507 ac
949 2465 1178 2506 Judieibus
1221 2462 1567 2511 Ecclesiasticis,
1610 2461 1663 2502 ad

180 2552 289 2592 quos
324 2535 532 2591 pertinet,
569 2544 615 2575 ut.
649 2533 952 2590 praeinsertam
984 2532 1181 2589 ejusdem
1215 2529 1459 2571 Innocentii
1494 2529 1663 2584 praede-

180 2603 370 2644 cessoris
397 2602 537 2643 nostri
563 2601 951 2650 Constitutionem,
977 2598 1330 2640 Declarationem
1356 2613 1403 2637 ae
1432 2595 1664 2636 Definitio-

180 2685 297 2719 nem,
318 2671 440 2725 juxta
471 2677 733 2725 praesentem
760 2677 954 2708 nostram
983 2665 1413 2714 determinationem,
1440 2664 1493 2703 ab
1522 2661 1664 2703 omni-
