<?xml version="1.0" encoding="UTF-8"?>
<!DOCTYPE html PUBLIC "-//W3C//DTD XHTML 1.0 Transitional//EN"
    "http://www.w3.org/TR/xhtml1/DTD/xhtml1-transitional.dtd">
<html xmlns="http://www.w3.org/1999/xhtml" xml:lang="en" lang="en">
 <head>
  <title>
</title>
<meta http-equiv="Content-Type" content="text/html;charset=utf-8" />
  <meta name='ocr-system' content='tesseract 3.04.00' />
  <meta name='ocr-capabilities' content='ocr_page ocr_carea ocr_par ocr_line ocrx_word'/>
</head>
<body>
  <div class='ocr_page' id='page_1' title='image "./documentsrelatif01ment_0186.png"; bbox 0 0 1839 3049; ppageno 0'>
   <div class='ocr_carea' id='block_1_1' title="bbox 147 198 1136 239">
    <p class='ocr_par' dir='ltr' id='par_1_1' title="bbox 147 198 1136 239">
     <span class='ocr_line' id='line_1_1' title="bbox 147 198 1136 239; baseline 0.001 -3"><span class='ocrx_word' id='word_1_1' title='bbox 147 208 205 237; x_wconf 82' lang='lat'>172</span> <span class='ocrx_word' id='word_1_2' title='bbox 624 208 677 239; x_wconf 85' lang='lat' dir='ltr'>LE</span> <span class='ocrx_word' id='word_1_3' title='bbox 695 198 964 238; x_wconf 76' lang='lat' dir='ltr'><strong>JANSENISME</strong></span> <span class='ocrx_word' id='word_1_4' title='bbox 984 208 1038 238; x_wconf 84' lang='lat' dir='ltr'>EN</span> <span class='ocrx_word' id='word_1_5' title='bbox 1058 207 1136 238; x_wconf 85' lang='lat'>1705</span> 
     </span>
    </p>
   </div>
   <div class='ocr_carea' id='block_1_2' title="bbox 147 284 1635 2758">
    <p class='ocr_par' dir='ltr' id='par_1_2' title="bbox 147 284 1628 743">
     <span class='ocr_line' id='line_1_2' title="bbox 149 284 1626 342; baseline 0.002 -18"><span class='ocrx_word' id='word_1_6' title='bbox 149 284 253 324; x_wconf 90' lang='lat' dir='ltr'>satis</span> <span class='ocrx_word' id='word_1_7' title='bbox 281 294 478 340; x_wconf 86' lang='lat' dir='ltr'>apparet,</span> <span class='ocrx_word' id='word_1_8' title='bbox 506 284 609 325; x_wconf 88' lang='lat' dir='ltr'>dum</span> <span class='ocrx_word' id='word_1_9' title='bbox 635 284 801 324; x_wconf 90' lang='lat' dir='ltr'>fallacis</span> <span class='ocrx_word' id='word_1_10' title='bbox 827 284 956 340; x_wconf 85' lang='lat' dir='ltr'>hujus</span> <span class='ocrx_word' id='word_1_11' title='bbox 979 284 1190 324; x_wconf 84' lang='lat' dir='ltr'>doctrinae</span> <span class='ocrx_word' id='word_1_12' title='bbox 1212 284 1347 340; x_wconf 87' lang='lat' dir='ltr'>pallio</span> <span class='ocrx_word' id='word_1_13' title='bbox 1372 300 1459 326; x_wconf 92' lang='lat' dir='ltr'>non</span> <span class='ocrx_word' id='word_1_14' title='bbox 1488 285 1626 342; x_wconf 87' lang='lat' dir='ltr'>depo-</span> 
     </span>
     <span class='ocr_line' id='line_1_3' title="bbox 148 351 1624 409; baseline 0.002 -18"><span class='ocrx_word' id='word_1_15' title='bbox 148 351 266 391; x_wconf 81' lang='lat' dir='ltr'>nitur</span> <span class='ocrx_word' id='word_1_16' title='bbox 294 367 433 397; x_wconf 82' lang='lat' dir='ltr'>error,</span> <span class='ocrx_word' id='word_1_17' title='bbox 463 351 539 391; x_wconf 88' lang='lat' dir='ltr'>sed</span> <span class='ocrx_word' id='word_1_18' title='bbox 572 351 883 393; x_wconf 78' lang='lat' dir='ltr'>absconditur:</span> <span class='ocrx_word' id='word_1_19' title='bbox 910 351 1068 392; x_wconf 81' lang='lat' dir='ltr'>vulnus</span> <span class='ocrx_word' id='word_1_20' title='bbox 1094 351 1276 409; x_wconf 79' lang='lat' dir='ltr'>tegitur,</span> <span class='ocrx_word' id='word_1_21' title='bbox 1305 367 1392 392; x_wconf 93' lang='lat' dir='ltr'>non</span> <span class='ocrx_word' id='word_1_22' title='bbox 1423 362 1624 403; x_wconf 84' lang='lat' dir='ltr'>curatur3</span> 
     </span>
     <span class='ocr_line' id='line_1_4' title="bbox 150 418 1628 474; baseline 0.001 -16"><span class='ocrx_word' id='word_1_23' title='bbox 150 418 356 459; x_wconf 80' lang='lat' dir='ltr'>Ecclesiae</span> <span class='ocrx_word' id='word_1_24' title='bbox 385 419 601 467; x_wconf 75' lang='lat' dir='ltr'>illuditur,</span> <span class='ocrx_word' id='word_1_25' title='bbox 627 435 714 459; x_wconf 93' lang='lat' dir='ltr'>non</span> <span class='ocrx_word' id='word_1_26' title='bbox 746 428 940 474; x_wconf 85' lang='lat' dir='ltr'>paretur,</span> <span class='ocrx_word' id='word_1_27' title='bbox 966 428 1007 459; x_wconf 88' lang='lat' dir='ltr'>et</span> <span class='ocrx_word' id='word_1_28' title='bbox 1032 419 1116 460; x_wconf 86' lang='lat' dir='ltr'>lata</span> <span class='ocrx_word' id='word_1_29' title='bbox 1143 419 1314 459; x_wconf 89' lang='lat' dir='ltr'>demum</span> <span class='ocrx_word' id='word_1_30' title='bbox 1344 418 1445 459; x_wconf 90' lang='lat' dir='ltr'>filiis</span> <span class='ocrx_word' id='word_1_31' title='bbox 1473 419 1628 460; x_wconf 86' lang='lat' dir='ltr'>inobe-</span> 
     </span>
     <span class='ocr_line' id='line_1_5' title="bbox 149 485 1628 535; baseline 0.001 -9"><span class='ocrx_word' id='word_1_32' title='bbox 149 485 324 527; x_wconf 74' lang='lat' dir='ltr'>dientiae</span> <span class='ocrx_word' id='word_1_33' title='bbox 357 486 424 527; x_wconf 79' lang='lat' dir='ltr'>via</span> <span class='ocrx_word' id='word_1_34' title='bbox 460 486 671 527; x_wconf 82' lang='lat' dir='ltr'>sternitur</span> <span class='ocrx_word' id='word_1_35' title='bbox 705 485 759 526; x_wconf 89' lang='lat' dir='ltr'>ad</span> <span class='ocrx_word' id='word_1_36' title='bbox 793 485 1023 526; x_wconf 74' lang='lat' dir='ltr'>fovendam</span> <span class='ocrx_word' id='word_1_37' title='bbox 1060 486 1236 526; x_wconf 92' lang='lat' dir='ltr'>silentio</span> <span class='ocrx_word' id='word_1_38' title='bbox 1270 486 1497 535; x_wconf 78' lang='lat' dir='ltr'>haeresim3</span> <span class='ocrx_word' id='word_1_39' title='bbox 1525 486 1628 528; x_wconf 92' lang='lat' dir='ltr'>dum</span> 
     </span>
     <span class='ocr_line' id='line_1_6' title="bbox 148 553 1628 609; baseline 0.001 -16"><span class='ocrx_word' id='word_1_40' title='bbox 148 553 288 609; x_wconf 80' lang='lat' dir='ltr'>ipsam</span> <span class='ocrx_word' id='word_1_41' title='bbox 311 553 504 593; x_wconf 88' lang='lat' dir='ltr'>Jansenii</span> <span class='ocrx_word' id='word_1_42' title='bbox 526 553 788 595; x_wconf 74' lang='lat' dir='ltr'>doctrinam,</span> <span class='ocrx_word' id='word_1_43' title='bbox 814 568 941 609; x_wconf 85' lang='lat' dir='ltr'>quam</span> <span class='ocrx_word' id='word_1_44' title='bbox 965 554 1017 593; x_wconf 88' lang='lat' dir='ltr'>ab</span> <span class='ocrx_word' id='word_1_45' title='bbox 1039 553 1293 608; x_wconf 77' lang='lat' dir='ltr'>Apostolica</span> <span class='ocrx_word' id='word_1_46' title='bbox 1319 553 1432 594; x_wconf 86' lang='lat' dir='ltr'>Sede</span> <span class='ocrx_word' id='word_1_47' title='bbox 1455 553 1628 594; x_wconf 86' lang='lat' dir='ltr'>damna-</span> 
     </span>
     <span class='ocr_line' id='line_1_7' title="bbox 147 619 1626 677; baseline 0.001 -17"><span class='ocrx_word' id='word_1_48' title='bbox 147 629 235 661; x_wconf 91' lang='lat' dir='ltr'>tam</span> <span class='ocrx_word' id='word_1_49' title='bbox 255 620 451 660; x_wconf 83' lang='lat' dir='ltr'>Ecclesia</span> <span class='ocrx_word' id='word_1_50' title='bbox 478 620 748 661; x_wconf 81' lang='lat' dir='ltr'>Universalis</span> <span class='ocrx_word' id='word_1_51' title='bbox 775 619 1017 669; x_wconf 77' lang='lat' dir='ltr'>exhorruit,</span> <span class='ocrx_word' id='word_1_52' title='bbox 1044 619 1185 660; x_wconf 90' lang='lat' dir='ltr'>adhuc</span> <span class='ocrx_word' id='word_1_53' title='bbox 1211 620 1395 661; x_wconf 88' lang='lat' dir='ltr'>interius</span> <span class='ocrx_word' id='word_1_54' title='bbox 1417 620 1626 677; x_wconf 86' lang='lat' dir='ltr'>abjicere,</span> 
     </span>
     <span class='ocr_line' id='line_1_8' title="bbox 149 687 918 743; baseline 0 -16"><span class='ocrx_word' id='word_1_55' title='bbox 149 696 190 728; x_wconf 89' lang='lat' dir='ltr'>et</span> <span class='ocrx_word' id='word_1_56' title='bbox 216 687 347 727; x_wconf 90' lang='lat' dir='ltr'>corde</span> <span class='ocrx_word' id='word_1_57' title='bbox 376 687 627 743; x_wconf 87' lang='lat' dir='ltr'>improbare</span> <span class='ocrx_word' id='word_1_58' title='bbox 657 687 918 727; x_wconf 88' lang='lat' dir='ltr'>detrectant.</span> 
     </span>
    </p>

    <p class='ocr_par' dir='ltr' id='par_1_3' title="bbox 147 753 1634 1686">
     <span class='ocr_line' id='line_1_9' title="bbox 210 753 1630 811; baseline 0.001 -17"><span class='ocrx_word' id='word_1_59' title='bbox 210 754 324 806; x_wconf 88' lang='lat' dir='ltr'>Quin</span> <span class='ocrx_word' id='word_1_60' title='bbox 351 753 480 795; x_wconf 86' lang='lat' dir='ltr'>etiam</span> <span class='ocrx_word' id='word_1_61' title='bbox 507 770 557 795; x_wconf 89' lang='lat' dir='ltr'>eo</span> <span class='ocrx_word' id='word_1_62' title='bbox 589 754 872 810; x_wconf 84' lang='lat' dir='ltr'>impudentiae</span> <span class='ocrx_word' id='word_1_63' title='bbox 905 754 1141 794; x_wconf 90' lang='lat' dir='ltr'>nonnullos</span> <span class='ocrx_word' id='word_1_64' title='bbox 1173 754 1401 795; x_wconf 84' lang='lat' dir='ltr'>devenisse</span> <span class='ocrx_word' id='word_1_65' title='bbox 1433 770 1630 811; x_wconf 87' lang='lat' dir='ltr'>comper-</span> 
     </span>
     <span class='ocr_line' id='line_1_10' title="bbox 147 821 1630 871; baseline 0 -9"><span class='ocrx_word' id='word_1_66' title='bbox 147 831 240 863; x_wconf 80' lang='lat' dir='ltr'>tum</span> <span class='ocrx_word' id='word_1_67' title='bbox 279 831 359 871; x_wconf 87' lang='lat' dir='ltr'>est,</span> <span class='ocrx_word' id='word_1_68' title='bbox 391 831 437 862; x_wconf 92' lang='lat' dir='ltr'>ut</span> <span class='ocrx_word' id='word_1_69' title='bbox 469 821 603 862; x_wconf 81' lang='lat' dir='ltr'>veluti</span> <span class='ocrx_word' id='word_1_70' title='bbox 638 821 848 862; x_wconf 88' lang='lat' dir='ltr'>naturalis</span> <span class='ocrx_word' id='word_1_71' title='bbox 882 821 1142 870; x_wconf 75' lang='lat' dir='ltr'>honestatis,</span> <span class='ocrx_word' id='word_1_72' title='bbox 1174 821 1334 862; x_wconf 90' lang='lat' dir='ltr'>nedum</span> <span class='ocrx_word' id='word_1_73' title='bbox 1369 822 1630 863; x_wconf 75' lang='lat' dir='ltr'>Christianae</span> 
     </span>
     <span class='ocr_line' id='line_1_11' title="bbox 150 888 1630 944; baseline -0.001 -15"><span class='ocrx_word' id='word_1_74' title='bbox 150 888 416 929; x_wconf 78' lang='lat' dir='ltr'>sinceritatis</span> <span class='ocrx_word' id='word_1_75' title='bbox 449 888 591 933; x_wconf 85' lang='lat' dir='ltr'>obliti,</span> <span class='ocrx_word' id='word_1_76' title='bbox 629 905 824 929; x_wconf 86' lang='lat' dir='ltr'>asserere</span> <span class='ocrx_word' id='word_1_77' title='bbox 859 904 945 928; x_wconf 91' lang='lat' dir='ltr'>non</span> <span class='ocrx_word' id='word_1_78' title='bbox 981 888 1294 933; x_wconf 74' lang='lat' dir='ltr'>dubitaverint,</span> <span class='ocrx_word' id='word_1_79' title='bbox 1325 888 1514 944; x_wconf 84' lang='lat' dir='ltr'>praefatae</span> <span class='ocrx_word' id='word_1_80' title='bbox 1542 888 1630 929; x_wconf 87' lang='lat' dir='ltr'>sor-</span> 
     </span>
     <span class='ocr_line' id='line_1_12' title="bbox 150 955 1630 1012; baseline 0 -16"><span class='ocrx_word' id='word_1_81' title='bbox 150 956 274 997; x_wconf 81' lang='lat' dir='ltr'>mulae</span> <span class='ocrx_word' id='word_1_82' title='bbox 321 972 342 996; x_wconf 89' lang='lat' dir='ltr'>a</span> <span class='ocrx_word' id='word_1_83' title='bbox 392 965 631 996; x_wconf 89' lang='lat' dir='ltr'>memorato</span> <span class='ocrx_word' id='word_1_84' title='bbox 682 955 932 996; x_wconf 81' lang='lat' dir='ltr'>Alexandro</span> <span class='ocrx_word' id='word_1_85' title='bbox 984 956 1309 1011; x_wconf 80' lang='lat' dir='ltr'>praedecessore</span> <span class='ocrx_word' id='word_1_86' title='bbox 1363 955 1630 1012; x_wconf 74' lang='lat' dir='ltr'>praescriptae</span> 
     </span>
     <span class='ocr_line' id='line_1_13' title="bbox 149 1022 1631 1079; baseline 0 -16"><span class='ocrx_word' id='word_1_87' title='bbox 149 1023 370 1064; x_wconf 87' lang='lat' dir='ltr'>subscribi</span> <span class='ocrx_word' id='word_1_88' title='bbox 402 1022 519 1064; x_wconf 89' lang='lat' dir='ltr'>licite</span> <span class='ocrx_word' id='word_1_89' title='bbox 549 1039 696 1078; x_wconf 77' lang='lat' dir='ltr'>posse.</span> <span class='ocrx_word' id='word_1_90' title='bbox 734 1023 862 1064; x_wconf 87' lang='lat' dir='ltr'>etiam</span> <span class='ocrx_word' id='word_1_91' title='bbox 895 1024 948 1063; x_wconf 89' lang='lat' dir='ltr'>ab</span> <span class='ocrx_word' id='word_1_92' title='bbox 978 1023 1046 1069; x_wconf 87' lang='lat' dir='ltr'>iis,</span> <span class='ocrx_word' id='word_1_93' title='bbox 1079 1023 1153 1078; x_wconf 85' lang='lat' dir='ltr'>qui</span> <span class='ocrx_word' id='word_1_94' title='bbox 1184 1023 1368 1064; x_wconf 86' lang='lat' dir='ltr'>interius</span> <span class='ocrx_word' id='word_1_95' title='bbox 1397 1039 1484 1063; x_wconf 91' lang='lat' dir='ltr'>non</span> <span class='ocrx_word' id='word_1_96' title='bbox 1511 1022 1631 1079; x_wconf 85' lang='lat' dir='ltr'>judi-</span> 
     </span>
     <span class='ocr_line' id='line_1_14' title="bbox 149 1089 1631 1146; baseline -0.001 -15"><span class='ocrx_word' id='word_1_97' title='bbox 149 1099 248 1131; x_wconf 87' lang='lat' dir='ltr'>cant</span> <span class='ocrx_word' id='word_1_98' title='bbox 281 1090 492 1146; x_wconf 67' lang='lat' dir='ltr'>prfedicto</span> <span class='ocrx_word' id='word_1_99' title='bbox 533 1090 727 1130; x_wconf 90' lang='lat' dir='ltr'>Jansenii</span> <span class='ocrx_word' id='word_1_100' title='bbox 762 1090 876 1130; x_wconf 89' lang='lat' dir='ltr'>libro</span> <span class='ocrx_word' id='word_1_101' title='bbox 914 1090 1159 1130; x_wconf 87' lang='lat' dir='ltr'>doctrinam</span> <span class='ocrx_word' id='word_1_102' title='bbox 1200 1090 1450 1131; x_wconf 77' lang='lat' dir='ltr'>haereticam</span> <span class='ocrx_word' id='word_1_103' title='bbox 1490 1089 1631 1131; x_wconf 88' lang='lat' dir='ltr'>conti-</span> 
     </span>
     <span class='ocr_line' id='line_1_15' title="bbox 150 1157 1634 1215; baseline -0.001 -17"><span class='ocrx_word' id='word_1_104' title='bbox 150 1158 260 1199; x_wconf 87' lang='lat' dir='ltr'>neri.</span> <span class='ocrx_word' id='word_1_105' title='bbox 294 1157 427 1210; x_wconf 88' lang='lat' dir='ltr'>Quasi</span> <span class='ocrx_word' id='word_1_106' title='bbox 454 1173 574 1204; x_wconf 77' lang='lat' dir='ltr'>vero,</span> <span class='ocrx_word' id='word_1_107' title='bbox 607 1167 757 1198; x_wconf 88' lang='lat' dir='ltr'>contra</span> <span class='ocrx_word' id='word_1_108' title='bbox 787 1174 915 1214; x_wconf 88' lang='lat' dir='ltr'>quam</span> <span class='ocrx_word' id='word_1_109' title='bbox 945 1157 1158 1213; x_wconf 86' lang='lat' dir='ltr'>scriptum</span> <span class='ocrx_word' id='word_1_110' title='bbox 1190 1167 1254 1198; x_wconf 88' lang='lat' dir='ltr'>est</span> <span class='ocrx_word' id='word_1_111' title='bbox 1287 1174 1294 1197; x_wconf 90' lang='lat'><strong>:</strong></span> <span class='ocrx_word' id='word_1_112' title='bbox 1329 1158 1419 1212; x_wconf 78' lang='lat' dir='ltr'>Qui</span> <span class='ocrx_word' id='word_1_113' title='bbox 1441 1158 1634 1215; x_wconf 80' lang='lat' dir='ltr'>loquitur</span> 
     </span>
     <span class='ocr_line' id='line_1_16' title="bbox 149 1225 1632 1283; baseline 0.001 -19"><span class='ocrx_word' id='word_1_114' title='bbox 149 1229 368 1266; x_wconf 74' lang='lat' dir='ltr'>veritatem</span> <span class='ocrx_word' id='word_1_115' title='bbox 398 1227 438 1265; x_wconf 79' lang='lat' dir='ltr'>in</span> <span class='ocrx_word' id='word_1_116' title='bbox 465 1225 592 1265; x_wconf 75' lang='lat' dir='ltr'>corde</span> <span class='ocrx_word' id='word_1_117' title='bbox 618 1241 712 1270; x_wconf 75' lang='lat' dir='ltr'>suo,</span> <span class='ocrx_word' id='word_1_118' title='bbox 741 1234 781 1265; x_wconf 90' lang='lat' dir='ltr'>et</span> <span class='ocrx_word' id='word_1_119' title='bbox 812 1242 818 1264; x_wconf 91' lang='lat'>:</span> <span class='ocrx_word' id='word_1_120' title='bbox 851 1225 939 1280; x_wconf 74' lang='lat' dir='ltr'>Qui</span> <span class='ocrx_word' id='word_1_121' title='bbox 963 1226 1092 1283; x_wconf 75' lang='lat' dir='ltr'>jurat</span> <span class='ocrx_word' id='word_1_122' title='bbox 1118 1228 1323 1280; x_wconf 64' lang='lat' dir='ltr'>prooeilno</span> <span class='ocrx_word' id='word_1_123' title='bbox 1350 1241 1445 1274; x_wconf 82' lang='lat' dir='ltr'>suo,</span> <span class='ocrx_word' id='word_1_124' title='bbox 1476 1234 1515 1265; x_wconf 82' lang='lat' dir='ltr'>et</span> <span class='ocrx_word' id='word_1_125' title='bbox 1547 1240 1632 1265; x_wconf 83' lang='lat' dir='ltr'>non</span> 
     </span>
     <span class='ocr_line' id='line_1_17' title="bbox 149 1291 1632 1349; baseline -0.001 -16"><span class='ocrx_word' id='word_1_126' title='bbox 149 1295 328 1349; x_wconf 78' lang='lat' dir='ltr'>deeipz&#39;t3</span> <span class='ocrx_word' id='word_1_127' title='bbox 368 1292 621 1348; x_wconf 86' lang='lat' dir='ltr'>hujusmodi</span> <span class='ocrx_word' id='word_1_128' title='bbox 665 1292 828 1333; x_wconf 84' lang='lat' dir='ltr'>erroris</span> <span class='ocrx_word' id='word_1_129' title='bbox 870 1291 1161 1332; x_wconf 84' lang='lat' dir='ltr'>sectatoribus</span> <span class='ocrx_word' id='word_1_130' title='bbox 1210 1292 1337 1332; x_wconf 85' lang='lat' dir='ltr'>liceat</span> <span class='ocrx_word' id='word_1_131' title='bbox 1388 1291 1632 1332; x_wconf 80' lang='lat' dir='ltr'>Ecclesiam</span> 
     </span>
     <span class='ocr_line' id='line_1_18' title="bbox 150 1358 1632 1416; baseline -0.001 -16"><span class='ocrx_word' id='word_1_132' title='bbox 150 1361 288 1416; x_wconf 88' lang='lat' dir='ltr'>ipsam</span> <span class='ocrx_word' id='word_1_133' title='bbox 331 1359 620 1415; x_wconf 83' lang='lat' dir='ltr'>jurejurando</span> <span class='ocrx_word' id='word_1_134' title='bbox 663 1359 885 1415; x_wconf 77' lang='lat' dir='ltr'>decipere,</span> <span class='ocrx_word' id='word_1_135' title='bbox 932 1359 1148 1414; x_wconf 87' lang='lat' dir='ltr'>simulque</span> <span class='ocrx_word' id='word_1_136' title='bbox 1195 1359 1461 1414; x_wconf 81' lang='lat' dir='ltr'>Apostolicae</span> <span class='ocrx_word' id='word_1_137' title='bbox 1504 1358 1632 1400; x_wconf 88' lang='lat' dir='ltr'>Sedis</span> 
     </span>
     <span class='ocr_line' id='line_1_19' title="bbox 149 1425 1632 1483; baseline -0.001 -16"><span class='ocrx_word' id='word_1_138' title='bbox 149 1426 472 1483; x_wconf 86' lang='lat' dir='ltr'>providentiam</span> <span class='ocrx_word' id='word_1_139' title='bbox 486 1426 636 1467; x_wconf 88' lang='lat' dir='ltr'>fallere</span> <span class='ocrx_word' id='word_1_140' title='bbox 652 1444 660 1476; x_wconf 78' lang='lat'><em>3</em></span> <span class='ocrx_word' id='word_1_141' title='bbox 674 1426 775 1467; x_wconf 88' lang='lat' dir='ltr'>dum</span> <span class='ocrx_word' id='word_1_142' title='bbox 790 1426 987 1482; x_wconf 83' lang='lat' dir='ltr'>ejusdem</span> <span class='ocrx_word' id='word_1_143' title='bbox 1000 1426 1231 1473; x_wconf 82' lang='lat' dir='ltr'>Formulae,</span> <span class='ocrx_word' id='word_1_144' title='bbox 1247 1426 1472 1482; x_wconf 88' lang='lat' dir='ltr'>conceptis</span> <span class='ocrx_word' id='word_1_145' title='bbox 1484 1425 1632 1466; x_wconf 81' lang='lat' dir='ltr'>verbis</span> 
     </span>
     <span class='ocr_line' id='line_1_20' title="bbox 149 1493 1629 1551; baseline -0.001 -16"><span class='ocrx_word' id='word_1_146' title='bbox 149 1495 389 1551; x_wconf 87' lang='lat' dir='ltr'>loquuntur</span> <span class='ocrx_word' id='word_1_147' title='bbox 418 1493 535 1550; x_wconf 87' lang='lat' dir='ltr'>quod</span> <span class='ocrx_word' id='word_1_148' title='bbox 575 1494 772 1534; x_wconf 81' lang='lat' dir='ltr'>Ecclesia</span> <span class='ocrx_word' id='word_1_149' title='bbox 800 1494 1011 1550; x_wconf 85' lang='lat' dir='ltr'>loquitur,</span> <span class='ocrx_word' id='word_1_150' title='bbox 1038 1493 1155 1549; x_wconf 88' lang='lat' dir='ltr'>quod</span> <span class='ocrx_word' id='word_1_151' title='bbox 1182 1503 1327 1534; x_wconf 87' lang='lat' dir='ltr'>tamen</span> <span class='ocrx_word' id='word_1_152' title='bbox 1357 1493 1489 1534; x_wconf 84' lang='lat' dir='ltr'>sentit</span> <span class='ocrx_word' id='word_1_153' title='bbox 1517 1493 1629 1549; x_wconf 86' lang='lat' dir='ltr'>ipsa,</span> 
     </span>
     <span class='ocr_line' id='line_1_21' title="bbox 150 1560 1632 1618; baseline -0.001 -15"><span class='ocrx_word' id='word_1_154' title='bbox 150 1578 236 1603; x_wconf 90' lang='lat' dir='ltr'>non</span> <span class='ocrx_word' id='word_1_155' title='bbox 280 1562 497 1612; x_wconf 82' lang='lat' dir='ltr'>sentiunt,</span> <span class='ocrx_word' id='word_1_156' title='bbox 541 1577 674 1618; x_wconf 87' lang='lat' dir='ltr'>seque</span> <span class='ocrx_word' id='word_1_157' title='bbox 705 1578 875 1618; x_wconf 16' lang='lat' dir='ltr'>‘parere</span> <span class='ocrx_word' id='word_1_158' title='bbox 919 1561 1320 1602; x_wconf 88' lang='lat' dir='ltr'>Constitutionibus</span> <span class='ocrx_word' id='word_1_159' title='bbox 1363 1560 1632 1617; x_wconf 85' lang='lat' dir='ltr'>Apostolicis</span> 
     </span>
     <span class='ocr_line' id='line_1_22' title="bbox 149 1628 1140 1686; baseline -0.002 -16"><span class='ocrx_word' id='word_1_160' title='bbox 149 1629 429 1686; x_wconf 81' lang='lat' dir='ltr'>profitentur,</span> <span class='ocrx_word' id='word_1_161' title='bbox 458 1629 618 1685; x_wconf 85' lang='lat' dir='ltr'>quibus</span> <span class='ocrx_word' id='word_1_162' title='bbox 647 1629 791 1669; x_wconf 90' lang='lat' dir='ltr'>animo</span> <span class='ocrx_word' id='word_1_163' title='bbox 818 1628 1140 1669; x_wconf 88' lang='lat' dir='ltr'>contradicunt.</span> 
     </span>
    </p>

    <p class='ocr_par' dir='ltr' id='par_1_4' title="bbox 149 1694 1635 2758">
     <span class='ocr_line' id='line_1_23' title="bbox 208 1694 1633 1752; baseline -0.001 -15"><span class='ocrx_word' id='word_1_164' title='bbox 208 1697 319 1737; x_wconf 83' lang='lat' dir='ltr'>Hine</span> <span class='ocrx_word' id='word_1_165' title='bbox 344 1705 425 1745; x_wconf 80' lang='lat' dir='ltr'>est,</span> <span class='ocrx_word' id='word_1_166' title='bbox 448 1696 566 1752; x_wconf 89' lang='lat' dir='ltr'>quod</span> <span class='ocrx_word' id='word_1_167' title='bbox 590 1697 676 1737; x_wconf 78' lang='lat' dir='ltr'>Nos</span> <span class='ocrx_word' id='word_1_168' title='bbox 699 1696 752 1736; x_wconf 86' lang='lat' dir='ltr'>ad</span> <span class='ocrx_word' id='word_1_169' title='bbox 775 1705 1088 1752; x_wconf 88' lang='lat' dir='ltr'>opportunum,</span> <span class='ocrx_word' id='word_1_170' title='bbox 1115 1704 1155 1735; x_wconf 89' lang='lat' dir='ltr'>et</span> <span class='ocrx_word' id='word_1_171' title='bbox 1182 1695 1334 1736; x_wconf 84' lang='lat' dir='ltr'>efficax</span> <span class='ocrx_word' id='word_1_172' title='bbox 1357 1704 1444 1736; x_wconf 84' lang='lat' dir='ltr'>tam</span> <span class='ocrx_word' id='word_1_173' title='bbox 1468 1694 1633 1736; x_wconf 82' lang='lat' dir='ltr'>exitiali</span> 
     </span>
     <span class='ocr_line' id='line_1_24' title="bbox 151 1761 1630 1820; baseline -0.001 -16"><span class='ocrx_word' id='word_1_174' title='bbox 151 1765 320 1813; x_wconf 85' lang='lat' dir='ltr'>morbo,</span> <span class='ocrx_word' id='word_1_175' title='bbox 353 1763 426 1820; x_wconf 87' lang='lat' dir='ltr'>qui</span> <span class='ocrx_word' id='word_1_176' title='bbox 454 1772 499 1804; x_wconf 92' lang='lat' dir='ltr'>ut</span> <span class='ocrx_word' id='word_1_177' title='bbox 529 1779 685 1803; x_wconf 84' lang='lat' dir='ltr'>cancer</span> <span class='ocrx_word' id='word_1_178' title='bbox 711 1764 864 1819; x_wconf 85' lang='lat' dir='ltr'>serpit,</span> <span class='ocrx_word' id='word_1_179' title='bbox 891 1773 931 1804; x_wconf 88' lang='lat' dir='ltr'>et</span> <span class='ocrx_word' id='word_1_180' title='bbox 958 1763 1154 1819; x_wconf 85' lang='lat' dir='ltr'>quotidie</span> <span class='ocrx_word' id='word_1_181' title='bbox 1182 1763 1225 1803; x_wconf 89' lang='lat' dir='ltr'>in</span> <span class='ocrx_word' id='word_1_182' title='bbox 1252 1762 1446 1803; x_wconf 88' lang='lat' dir='ltr'>deterius</span> <span class='ocrx_word' id='word_1_183' title='bbox 1470 1761 1630 1820; x_wconf 77' lang='lat' dir='ltr'>vergit,</span> 
     </span>
     <span class='ocr_line' id='line_1_25' title="bbox 151 1829 1633 1872; baseline -0.002 0"><span class='ocrx_word' id='word_1_184' title='bbox 151 1831 393 1872; x_wconf 89' lang='lat' dir='ltr'>remedium</span> <span class='ocrx_word' id='word_1_185' title='bbox 411 1830 711 1871; x_wconf 89' lang='lat' dir='ltr'>adhibendum</span> <span class='ocrx_word' id='word_1_186' title='bbox 728 1847 814 1871; x_wconf 92' lang='lat' dir='ltr'>non</span> <span class='ocrx_word' id='word_1_187' title='bbox 835 1830 977 1871; x_wconf 91' lang='lat' dir='ltr'>minus</span> <span class='ocrx_word' id='word_1_188' title='bbox 998 1830 1268 1870; x_wconf 80' lang='lat' dir='ltr'>demandatae</span> <span class='ocrx_word' id='word_1_189' title='bbox 1286 1829 1422 1870; x_wconf 82' lang='lat' dir='ltr'>Nobis</span> <span class='ocrx_word' id='word_1_190' title='bbox 1439 1829 1633 1870; x_wconf 88' lang='lat' dir='ltr'>omnium</span> 
     </span>
     <span class='ocr_line' id='line_1_26' title="bbox 149 1897 1633 1954; baseline -0.002 -15"><span class='ocrx_word' id='word_1_191' title='bbox 149 1898 446 1940; x_wconf 87' lang='lat' dir='ltr'>Ecclesiarum</span> <span class='ocrx_word' id='word_1_192' title='bbox 482 1897 777 1938; x_wconf 85' lang='lat' dir='ltr'>solicitudinis</span> <span class='ocrx_word' id='word_1_193' title='bbox 809 1897 975 1942; x_wconf 79' lang='lat' dir='ltr'>debito,</span> <span class='ocrx_word' id='word_1_194' title='bbox 1008 1913 1135 1954; x_wconf 85' lang='lat' dir='ltr'>quam</span> <span class='ocrx_word' id='word_1_195' title='bbox 1165 1897 1456 1953; x_wconf 91' lang='lat' dir='ltr'>plurimorum</span> <span class='ocrx_word' id='word_1_196' title='bbox 1489 1897 1633 1937; x_wconf 86' lang='lat' dir='ltr'>Vene-</span> 
     </span>
     <span class='ocr_line' id='line_1_27' title="bbox 149 1964 1633 2020; baseline -0.001 -14"><span class='ocrx_word' id='word_1_197' title='bbox 149 1965 353 2006; x_wconf 84' lang='lat' dir='ltr'>rabilium</span> <span class='ocrx_word' id='word_1_198' title='bbox 383 1967 583 2006; x_wconf 88' lang='lat' dir='ltr'>Fratrum</span> <span class='ocrx_word' id='word_1_199' title='bbox 617 1974 869 2005; x_wconf 90' lang='lat' dir='ltr'>nostrorum</span> <span class='ocrx_word' id='word_1_200' title='bbox 899 1965 1170 2005; x_wconf 79' lang='lat' dir='ltr'>diversarum</span> <span class='ocrx_word' id='word_1_201' title='bbox 1203 1964 1410 2020; x_wconf 88' lang='lat' dir='ltr'>partium,</span> <span class='ocrx_word' id='word_1_202' title='bbox 1439 1979 1487 2004; x_wconf 91' lang='lat' dir='ltr'>ac</span> <span class='ocrx_word' id='word_1_203' title='bbox 1521 1979 1633 2019; x_wconf 83' lang='lat' dir='ltr'>prae-</span> 
     </span>
     <span class='ocr_line' id='line_1_28' title="bbox 150 2030 1633 2090; baseline -0.001 -17"><span class='ocrx_word' id='word_1_204' title='bbox 150 2033 299 2074; x_wconf 88' lang='lat' dir='ltr'>sertim</span> <span class='ocrx_word' id='word_1_205' title='bbox 344 2032 487 2090; x_wconf 81' lang='lat' dir='ltr'>Regni</span> <span class='ocrx_word' id='word_1_206' title='bbox 527 2032 784 2078; x_wconf 83' lang='lat' dir='ltr'>Galliarum,</span> <span class='ocrx_word' id='word_1_207' title='bbox 825 2032 1147 2088; x_wconf 79' lang='lat' dir='ltr'>Episcoporum</span> <span class='ocrx_word' id='word_1_208' title='bbox 1189 2032 1299 2075; x_wconf 78' lang='lat' dir='ltr'>zelo,</span> <span class='ocrx_word' id='word_1_209' title='bbox 1340 2047 1387 2072; x_wconf 90' lang='lat' dir='ltr'>ac</span> <span class='ocrx_word' id='word_1_210' title='bbox 1426 2030 1633 2087; x_wconf 87' lang='lat' dir='ltr'>precibus</span> 
     </span>
     <span class='ocr_line' id='line_1_29' title="bbox 150 2097 1633 2156; baseline -0.002 -15"><span class='ocrx_word' id='word_1_211' title='bbox 150 2100 350 2149; x_wconf 84' lang='lat' dir='ltr'>excitati;</span> <span class='ocrx_word' id='word_1_212' title='bbox 389 2116 441 2140; x_wconf 90' lang='lat' dir='ltr'>ne</span> <span class='ocrx_word' id='word_1_213' title='bbox 476 2100 731 2155; x_wconf 86' lang='lat' dir='ltr'>hujusmodi</span> <span class='ocrx_word' id='word_1_214' title='bbox 763 2100 883 2156; x_wconf 70' lang='lat' dir='ltr'>pravi</span> <span class='ocrx_word' id='word_1_215' title='bbox 918 2099 1119 2140; x_wconf 86' lang='lat' dir='ltr'>homines</span> <span class='ocrx_word' id='word_1_216' title='bbox 1154 2098 1392 2140; x_wconf 77' lang='lat' dir='ltr'>Catholicae</span> <span class='ocrx_word' id='word_1_217' title='bbox 1426 2097 1633 2139; x_wconf 73' lang='lat' dir='ltr'>Ecclesiae</span> 
     </span>
     <span class='ocr_line' id='line_1_30' title="bbox 149 2164 1633 2225; baseline -0.002 -17"><span class='ocrx_word' id='word_1_218' title='bbox 149 2183 301 2223; x_wconf 86' lang='lat' dir='ltr'>pacem</span> <span class='ocrx_word' id='word_1_219' title='bbox 329 2168 583 2208; x_wconf 87' lang='lat' dir='ltr'>subvertere</span> <span class='ocrx_word' id='word_1_220' title='bbox 610 2167 788 2223; x_wconf 89' lang='lat' dir='ltr'>impune</span> <span class='ocrx_word' id='word_1_221' title='bbox 816 2176 1019 2225; x_wconf 75' lang='lat' dir='ltr'>pergant,</span> <span class='ocrx_word' id='word_1_222' title='bbox 1048 2176 1089 2207; x_wconf 90' lang='lat' dir='ltr'>et</span> <span class='ocrx_word' id='word_1_223' title='bbox 1115 2166 1398 2222; x_wconf 86' lang='lat' dir='ltr'>simplicium,</span> <span class='ocrx_word' id='word_1_224' title='bbox 1427 2181 1475 2206; x_wconf 88' lang='lat' dir='ltr'>ac</span> <span class='ocrx_word' id='word_1_225' title='bbox 1500 2164 1633 2221; x_wconf 87' lang='lat' dir='ltr'>pusil-</span> 
     </span>
     <span class='ocr_line' id='line_1_31' title="bbox 150 2234 1631 2290; baseline -0.002 -15"><span class='ocrx_word' id='word_1_226' title='bbox 150 2235 291 2275; x_wconf 88' lang='lat' dir='ltr'>lorum</span> <span class='ocrx_word' id='word_1_227' title='bbox 335 2234 556 2275; x_wconf 86' lang='lat' dir='ltr'>mentibus</span> <span class='ocrx_word' id='word_1_228' title='bbox 604 2234 854 2290; x_wconf 85' lang='lat' dir='ltr'>imponere,</span> <span class='ocrx_word' id='word_1_229' title='bbox 901 2234 1110 2274; x_wconf 86' lang='lat' dir='ltr'>docentes</span> <span class='ocrx_word' id='word_1_230' title='bbox 1155 2249 1248 2289; x_wconf 57' lang='lat' dir='ltr'>qua*</span> <span class='ocrx_word' id='word_1_231' title='bbox 1291 2248 1378 2273; x_wconf 91' lang='lat' dir='ltr'>non</span> <span class='ocrx_word' id='word_1_232' title='bbox 1427 2241 1631 2288; x_wconf 89' lang='lat' dir='ltr'>oportet;</span> 
     </span>
     <span class='ocr_line' id='line_1_32' title="bbox 149 2299 1634 2357; baseline -0.002 -15"><span class='ocrx_word' id='word_1_233' title='bbox 149 2317 254 2342; x_wconf 82' lang='lat' dir='ltr'>neve</span> <span class='ocrx_word' id='word_1_234' title='bbox 284 2301 416 2350; x_wconf 83' lang='lat' dir='ltr'>ullus,</span> <span class='ocrx_word' id='word_1_235' title='bbox 451 2301 567 2357; x_wconf 88' lang='lat' dir='ltr'>apud</span> <span class='ocrx_word' id='word_1_236' title='bbox 596 2317 669 2341; x_wconf 89' lang='lat' dir='ltr'>eos</span> <span class='ocrx_word' id='word_1_237' title='bbox 699 2317 890 2357; x_wconf 74' lang='lat' dir='ltr'>quoque,</span> <span class='ocrx_word' id='word_1_238' title='bbox 924 2301 994 2356; x_wconf 82' lang='lat' dir='ltr'>qui</span> <span class='ocrx_word' id='word_1_239' title='bbox 1032 2302 1162 2347; x_wconf 79' lang='lat' dir='ltr'>bona,</span> <span class='ocrx_word' id='word_1_240' title='bbox 1200 2309 1245 2340; x_wconf 87' lang='lat' dir='ltr'>ut</span> <span class='ocrx_word' id='word_1_241' title='bbox 1279 2299 1415 2349; x_wconf 83' lang='lat' dir='ltr'>aiunt,</span> <span class='ocrx_word' id='word_1_242' title='bbox 1452 2299 1554 2348; x_wconf 82' lang='lat' dir='ltr'>fide,</span> <span class='ocrx_word' id='word_1_243' title='bbox 1585 2314 1634 2339; x_wconf 88' lang='lat' dir='ltr'>ac</span> 
     </span>
     <span class='ocr_line' id='line_1_33' title="bbox 150 2366 1634 2423; baseline -0.001 -16"><span class='ocrx_word' id='word_1_244' title='bbox 150 2368 269 2408; x_wconf 87' lang='lat' dir='ltr'>salsis</span> <span class='ocrx_word' id='word_1_245' title='bbox 300 2368 551 2408; x_wconf 84' lang='lat' dir='ltr'>rumoribus</span> <span class='ocrx_word' id='word_1_246' title='bbox 580 2368 726 2423; x_wconf 87' lang='lat' dir='ltr'>decipi</span> <span class='ocrx_word' id='word_1_247' title='bbox 756 2384 799 2408; x_wconf 90' lang='lat' dir='ltr'>se</span> <span class='ocrx_word' id='word_1_248' title='bbox 832 2368 1015 2408; x_wconf 85' lang='lat' dir='ltr'>sortasse</span> <span class='ocrx_word' id='word_1_249' title='bbox 1046 2367 1289 2423; x_wconf 80' lang='lat' dir='ltr'>patiuntur,</span> <span class='ocrx_word' id='word_1_250' title='bbox 1315 2366 1366 2406; x_wconf 87' lang='lat' dir='ltr'>de</span> <span class='ocrx_word' id='word_1_251' title='bbox 1400 2374 1561 2415; x_wconf 82' lang='lat' dir='ltr'>mente,</span> <span class='ocrx_word' id='word_1_252' title='bbox 1586 2380 1634 2406; x_wconf 85' lang='lat' dir='ltr'>ac</span> 
     </span>
     <span class='ocr_line' id='line_1_34' title="bbox 149 2432 1635 2492; baseline -0.002 -17"><span class='ocrx_word' id='word_1_253' title='bbox 149 2435 367 2476; x_wconf 81' lang='lat' dir='ltr'>sententia</span> <span class='ocrx_word' id='word_1_254' title='bbox 412 2435 676 2491; x_wconf 69' lang='lat' dir='ltr'>Apostolicfe</span> <span class='ocrx_word' id='word_1_255' title='bbox 720 2435 847 2476; x_wconf 85' lang='lat' dir='ltr'>Sedis</span> <span class='ocrx_word' id='word_1_256' title='bbox 900 2434 1087 2490; x_wconf 86' lang='lat' dir='ltr'>amplius</span> <span class='ocrx_word' id='word_1_257' title='bbox 1140 2433 1394 2492; x_wconf 80' lang='lat' dir='ltr'>ambigendi</span> <span class='ocrx_word' id='word_1_258' title='bbox 1442 2432 1635 2488; x_wconf 85' lang='lat' dir='ltr'>supersit</span> 
     </span>
     <span class='ocr_line' id='line_1_35' title="bbox 150 2498 1632 2557; baseline -0.001 -16"><span class='ocrx_word' id='word_1_259' title='bbox 150 2502 297 2551; x_wconf 76' lang='lat' dir='ltr'>locus3</span> <span class='ocrx_word' id='word_1_260' title='bbox 336 2502 495 2542; x_wconf 88' lang='lat' dir='ltr'>Divino</span> <span class='ocrx_word' id='word_1_261' title='bbox 535 2502 657 2557; x_wconf 87' lang='lat' dir='ltr'>prius</span> <span class='ocrx_word' id='word_1_262' title='bbox 696 2511 783 2542; x_wconf 93' lang='lat' dir='ltr'>tam</span> <span class='ocrx_word' id='word_1_263' title='bbox 826 2501 1007 2557; x_wconf 74' lang='lat' dir='ltr'>privatis</span> <span class='ocrx_word' id='word_1_264' title='bbox 1049 2500 1235 2544; x_wconf 76' lang='lat' dir='ltr'>nostris,</span> <span class='ocrx_word' id='word_1_265' title='bbox 1281 2516 1409 2556; x_wconf 88' lang='lat' dir='ltr'>quam</span> <span class='ocrx_word' id='word_1_266' title='bbox 1456 2498 1632 2555; x_wconf 80' lang='lat' dir='ltr'>publice</span> 
     </span>
     <span class='ocr_line' id='line_1_36' title="bbox 150 2566 1634 2625; baseline -0.002 -16"><span class='ocrx_word' id='word_1_267' title='bbox 150 2569 328 2609; x_wconf 85' lang='lat' dir='ltr'>indictis</span> <span class='ocrx_word' id='word_1_268' title='bbox 365 2569 589 2624; x_wconf 79' lang='lat' dir='ltr'>precibuS,</span> <span class='ocrx_word' id='word_1_269' title='bbox 628 2569 861 2625; x_wconf 85' lang='lat' dir='ltr'>implorato</span> <span class='ocrx_word' id='word_1_270' title='bbox 902 2568 1125 2624; x_wconf 68' lang='lat' dir='ltr'>pra-sidio,</span> <span class='ocrx_word' id='word_1_271' title='bbox 1166 2583 1213 2608; x_wconf 90' lang='lat' dir='ltr'>ac</span> <span class='ocrx_word' id='word_1_272' title='bbox 1250 2583 1295 2608; x_wconf 84' lang='lat' dir='ltr'>re</span> <span class='ocrx_word' id='word_1_273' title='bbox 1335 2576 1501 2607; x_wconf 86' lang='lat' dir='ltr'>mature</span> <span class='ocrx_word' id='word_1_274' title='bbox 1543 2566 1634 2606; x_wconf 85' lang='lat' dir='ltr'>dis-</span> 
     </span>
     <span class='ocr_line' id='line_1_37' title="bbox 151 2636 1634 2685; baseline -0.002 -9"><span class='ocrx_word' id='word_1_275' title='bbox 151 2651 293 2685; x_wconf 88' lang='lat' dir='ltr'>cussa,</span> <span class='ocrx_word' id='word_1_276' title='bbox 331 2636 382 2676; x_wconf 85' lang='lat' dir='ltr'>dc</span> <span class='ocrx_word' id='word_1_277' title='bbox 423 2637 735 2677; x_wconf 87' lang='lat' dir='ltr'>nonnullorum</span> <span class='ocrx_word' id='word_1_278' title='bbox 770 2636 1103 2678; x_wconf 56' lang='lat' dir='ltr'>Yeneral&#39;nlium</span> <span class='ocrx_word' id='word_1_279' title='bbox 1143 2636 1344 2676; x_wconf 88' lang='lat' dir='ltr'>Fratrum</span> <span class='ocrx_word' id='word_1_280' title='bbox 1382 2642 1634 2674; x_wconf 85' lang='lat' dir='ltr'>nostrorum</span> 
     </span>
     <span class='ocr_line' id='line_1_38' title="bbox 153 2699 1634 2758; baseline -0.002 -16"><span class='ocrx_word' id='word_1_281' title='bbox 153 2702 198 2742; x_wconf 87' lang='lat' dir='ltr'>S.</span> <span class='ocrx_word' id='word_1_282' title='bbox 234 2703 287 2743; x_wconf 87' lang='lat' dir='ltr'>R.</span> <span class='ocrx_word' id='word_1_283' title='bbox 325 2705 374 2743; x_wconf 81' lang='lat' dir='ltr'>E.</span> <span class='ocrx_word' id='word_1_284' title='bbox 411 2703 711 2744; x_wconf 81' lang='lat' dir='ltr'>Cardinalium</span> <span class='ocrx_word' id='word_1_285' title='bbox 741 2703 942 2747; x_wconf 83' lang='lat' dir='ltr'>consilio,</span> <span class='ocrx_word' id='word_1_286' title='bbox 982 2702 1231 2758; x_wconf 82' lang='lat' dir='ltr'>auditisque</span> <span class='ocrx_word' id='word_1_287' title='bbox 1263 2699 1556 2756; x_wconf 87' lang='lat' dir='ltr'>complurium</span> <span class='ocrx_word' id='word_1_288' title='bbox 1589 2699 1634 2740; x_wconf 89' lang='lat' dir='ltr'>in</span> 
     </span>
    </p>
   </div>
   <div class='ocr_carea' id='block_1_3' title="bbox 1770 220 1804 527">
    <p class='ocr_par' dir='ltr' id='par_1_5' title="bbox 1770 220 1804 527">
     <span class='ocr_line' id='line_1_39' title="bbox 1770 220 1804 527; textangle 90"><span class='ocrx_word' id='word_1_289' title='bbox 1791 516 1796 527; x_wconf 43' lang='grc' dir='ltr'><em>ν</em></span> <span class='ocrx_word' id='word_1_290' title='bbox 1791 482 1799 494; x_wconf 38' lang='lat' dir='ltr'>x</span> <span class='ocrx_word' id='word_1_291' title='bbox 1770 258 1804 461; x_wconf 51' lang='grc' dir='ltr'>ῑνιέἲυᾷΰῑυ·</span> <span class='ocrx_word' id='word_1_292' title='bbox 1801 220 1804 226; x_wconf 91' lang='grc'><em>.</em></span> 
     </span>
    </p>
   </div>
   <div class='ocr_carea' id='block_1_4' title="bbox 1801 0 1837 3049">
    <p class='ocr_par' dir='ltr' id='par_1_6' title="bbox 1801 0 1837 3049">
     <span class='ocr_line' id='line_1_40' title="bbox 1801 0 1837 3049; baseline 0 0"><span class='ocrx_word' id='word_1_293' title='bbox 1801 0 1837 3049; x_wconf 95' lang='lat' dir='ltr'> </span> 
     </span>
    </p>
   </div>
   <div class='ocr_carea' id='block_1_5' title="bbox 1776 2436 1812 2866">
    <p class='ocr_par' dir='ltr' id='par_1_7' title="bbox 1776 2436 1812 2866">
     <span class='ocr_line' id='line_1_41' title="bbox 1776 2436 1812 2866; textangle 90"><span class='ocrx_word' id='word_1_294' title='bbox 1776 2593 1812 2866; x_wconf 34' lang='lat' dir='ltr'>&amp;suffiae-maa·</span> <span class='ocrx_word' id='word_1_295' title='bbox 1784 2571 1802 2582; x_wconf 69' lang='grc' dir='ltr'>ι’</span> <span class='ocrx_word' id='word_1_296' title='bbox 1794 2549 1802 2553; x_wconf 76' lang='lat'>,</span> <span class='ocrx_word' id='word_1_297' title='bbox 1786 2498 1806 2520; x_wconf 50' lang='lat' dir='ltr'>a&gt;</span> <span class='ocrx_word' id='word_1_298' title='bbox 1784 2465 1809 2488; x_wconf 58' lang='grc' dir='ltr'>ν’</span> <span class='ocrx_word' id='word_1_299' title='bbox 1787 2436 1804 2449; x_wconf 66' lang='grc' dir='ltr'>ι·</span> 
     </span>
    </p>
   </div>
  </div>
 </body>
</html>
