1839 3049
931 414 991 468 ΙΙ

390 635 785 693 L’AFFAIRE
854 637 996 695 DES
1054 638 1097 692 F
1103 636 1529 695 RANCHISES

309 1105 347 1146 1.
384 1130 441 1138 —
473 1105 783 1147 ABOLITION
815 1104 926 1146 PAR
962 1105 1028 1145 LE
1064 1105 1207 1147 PAPE
1246 1106 1528 1148 INNOCENT
1561 1106 1618 1146 XI

482 1215 555 1240 DES
590 1214 843 1240 FRANCHISES
878 1214 980 1240 DANS
1015 1214 1063 1240 LA
1095 1215 1213 1240 VILLE
1248 1216 1298 1240 DE
1333 1216 1445 1241 ROME

797 1311 859 1362 (12
891 1310 970 1348 Mai
1003 1311 1133 1362 1687.)

281 1452 395 1491 Cette
418 1452 526 1490 bulle
553 1452 765 1503 reproduit
792 1452 850 1489 les
877 1451 1083 1490 decisions
1110 1452 1359 1490 anterieures
1384 1454 1455 1490 des
1479 1466 1604 1504 papes
1629 1466 1699 1491 sur

227 1515 263 1552 la
293 1515 472 1560 matiere‚
499 1514 536 1552 la
566 1514 829 1552 constitution
863 1515 911 1551 de
940 1514 1051 1551 Jules
1083 1513 1138 1551 III
1171 1528 1218 1551 en
1248 1515 1362 1561 1552,
1391 1516 1439 1552 de
1470 1515 1541 1552 Pie
1571 1515 1624 1552 IV
1650 1528 1698 1553 en

229 1578 343 1622 1561,
370 1578 418 1614 de
438 1576 638 1627 Gregoire
665 1576 760 1613 XIII
782 1589 830 1612 en
860 1576 975 1622 1573,
998 1577 1046 1613 de
1075 1576 1186 1613 Sixte
1212 1576 1337 1624 Quint
1364 1590 1411 1614 en
1436 1578 1550 1622 1585,
1576 1576 1699 1615 d'Ur-

226 1638 319 1675 bain
340 1637 434 1675 VIII
459 1637 508 1674 en
531 1639 631 1675 1616
655 1646 692 1674 et
713 1637 891 1674 e111634.

279 1700 335 1738 Le
359 1713 462 1751 pape
486 1700 666 1750 rappelle
694 1713 759 1737 ses
786 1712 959 1750 propres
990 1699 1194 1737 decisions
1219 1702 1271 1737 (111
1291 1701 1341 1738 26
1361 1701 1579 1738 novembre
1600 1701 1698 1738 1677

226 1770 264 1800 61
293 1763 345 1799 (111
376 1763 424 1799 22
453 1761 600 1799 fevrier
628 1762 750 1807 16803
779 1761 805 1797 il
834 1761 891 1798 les
919 1763 1139 1799 corrobore
1166 1770 1204 1800 et
1226 1776 1251 1812 y
1279 1762 1408 1813 ajoute
1436 1771 1574 1800 contre
1601 1775 1699 1800 ceux

226 1823 294 1875 qui
318 1823 571 1862 viendraient
597 1826 617 1860 ἐι
642 1823 700 1860 les
728 1823 959 1860 enfreindre
986 1823 1022 1860 la
1049 1838 1210 1862 lnenace
1235 1825 1283 1861 de
1308 1824 1697 1862 l'exeomunication.

586 1910 795 1952 (Bullarium
813 1921 994 1942 romanum
1011 1912 1032 1949 1,
1052 1916 1075 1942 t.
1096 1912 1184 1949 VIII,
1203 1923 1236 1952 p.
1256 1912 1343 1954 432.)

286 2058 568 2099 Innocentius
606 2059 839 2116 episcopus
874 2076 1023 2100 servus
1060 2076 1282 2101 servorum
1314 2059 1409 2102 Dei.
1443 2059 1511 2101 Ad
1542 2075 1699 2117 perpe-

226 2134 343 2166 tuam
375 2126 436 2166 rei
470 2126 738 2167 memoriam.
769 2128 876 2167 Cum
900 2127 1003 2168 alias
1040 2127 1177 2168 felicis
1214 2127 1528 2169 recordationis
1562 2127 1699 2169 Julius

229 2194 344 2250 Papa
375 2195 450 2244 ΙΙΙ,
480 2194 780 2250 przedecessor
806 2203 954 2235 noster
981 2195 1301 2252 infrascriptam
1331 2194 1700 2237 Constitutionem

228 2260 415 2302 ediderit
433 2295 442 2312 ,
470 2263 591 2318 cujus
620 2270 746 2302 tenor
777 2270 843 2302 est
872 2279 879 2301 :

285 2328 460 2369 «Julius
485 2329 719 2386 episcopus
750 2345 897 2369 servus
925 2345 1145 2370 servorum
1163 2329 1259 2371 Dei.
1278 2329 1344 2371 Ad
1366 2338 1621 2388 perpetuam
1639 2330 1700 2371 rei

226 2395 493 2436 memoriam.
520 2398 626 2436 Cum
651 2396 858 2438 Civitates
883 2405 925 2437 et
951 2396 1042 2438 loca
1070 2399 1230 2447 omnia,
1257 2398 1297 2438 111
1324 2397 1482 2455 quibus
1506 2397 1700 2440 Sanctis-

226 2462 381 2503 simum
410 2464 571 2504 Christi
600 2480 756 2505 nomen
786 2464 958 2518 colitur,
984 2464 1136 2506 deceat
1161 2482 1255 2506 osse
1281 2465 1537 2507 facinorosis
1559 2465 1700 2506 homi-

226 2529 352 2569 nibus
384 2531 554 2587 expiata
589 2540 717 2587 atquc
748 2540 952 2587 purgata,
984 2548 1110 2573 nemo
1150 2542 1215 2573 est
1250 2534 1320 2589 qui
1361 2548 1447 2573 non
1486 2532 1702 2588 intelligat

226 2612 352 2653 quam
377 2599 559 2639 maxime
581 2607 781 2655 oporteat
801 2599 968 2640 Almam
992 2601 1153 2641 Urbem
1177 2609 1367 2641 nostram
1390 2600 1699 2658 Apostolorum

267 2745 295 2775 1.
323 2746 437 2782 Rome,
463 2746 722 2777 MDCCXXXIV.
