1839 3049
166 217 204 247 38
289 217 341 247 LA
367 207 535 247 REGALE
563 233 602 238 -
625 215 704 246 Las
729 206 940 246 LIBERTES
965 214 1019 246 DE
1043 206 1235 246 L'EGLISE
1259 215 1500 246 GALLICANE

165 295 244 334 tris
263 292 421 334 litteris
447 292 517 333 die
543 292 673 333 tertia
693 292 919 333 Februarii
946 292 998 332 ad
1025 308 1103 333 nos
1129 292 1258 342 datis,
1283 293 1524 349 Episcopos
1548 291 1647 333 Cle-

167 377 347 417 rumque
373 360 523 401 Galliae
544 359 616 416 qui
646 375 805 400 corona
829 359 931 400 olim
956 368 997 400 et
1016 359 1225 417 gaudium
1243 368 1367 400 erant
1384 358 1648 416 Apostolicae

166 429 309 477 Sedis,
335 427 392 468 ita
416 443 459 468 se
483 442 583 484 erga
609 426 729 467 illam
750 425 795 467 in
820 442 1013 483 praesens
1035 441 1205 484 gerere,
1233 435 1277 467 ut
1303 442 1512 483 cogamur
1539 425 1650 466 mul-

164 496 219 536 tis
253 511 350 536 cum
375 493 577 550 lacrymis
612 510 822 550 usurpare
848 495 1155 550 propheticum
1182 493 1313 546 istud,
1344 511 1364 532 «
1395 493 1471 534 filii
1501 492 1649 533 matris

166 578 269 603 meze
294 569 600 618 pugnaverunt
630 561 855 601 adversum
884 577 963 601 me.
999 578 1018 601 »
1045 564 1317 618 Quamquam
1344 561 1549 601 adversus
1574 576 1649 601 vos

164 630 310 686 potius
326 629 548 686 pugnatis,
571 628 673 668 dum
700 627 826 668 nobis
850 629 893 668 in
919 644 969 668 ea
991 644 1118 669 causa
1138 628 1361 679 resistitis,
1384 628 1428 668 in
1453 643 1538 683 qua
1558 643 1649 668 ves-

164 705 328 737 trarum
359 696 651 736 Ecclesiarum
681 695 795 735 salus
830 711 878 736 ac
906 695 1085 736 libertas
1117 696 1276 751 agitur,
1313 704 1355 736 et
1381 696 1425 735 in
1454 710 1536 751 qua
1570 710 1648 735 nos

167 780 244 820 pro
273 763 461 819 juribus,
494 771 536 803 et
566 762 782 820 dignitate
810 762 1064 819 Episcopali
1096 763 1140 803 in
1164 771 1256 803 toto
1286 764 1438 819 Regno
1466 761 1645 812 tuenda,

165 832 218 872 ab
251 830 469 887 aliquibus
509 829 678 870 ordinis
705 829 837 870 vestri
876 830 959 886 piis
993 839 1034 870 et
1067 829 1250 870 sortibus
1283 829 1387 870 viris
1421 828 1645 885 appellati,

166 898 331 955 absque
361 913 477 938 mora
500 897 833 946 insurreximus,
858 898 1007 953 etjam
1031 896 1203 953 pridem
1225 897 1268 937 in
1296 896 1434 954 gradu
1465 904 1646 947 stamus,

165 965 306 1006 nullas
333 965 522 1021 privatas
551 973 725 1006 nostras
751 963 943 1004 rationes
973 963 1128 1013 secuti,
1155 964 1231 1005 sed
1253 964 1413 1004 debitae
1439 962 1650 1004 Ecclesiis

165 1032 367 1073 omnibus
391 1031 678 1072 sollicitudini
705 1040 746 1072 et
771 1031 926 1072 intimo
951 1031 1086 1072 amori
1115 1048 1218 1088 erga
1239 1047 1313 1072 vos
1345 1039 1498 1071 nostro
1522 1030 1650 1070 satis-

165 1100 335 1140 facturi.
370 1099 489 1141 Nihil
514 1115 616 1140 sane
643 1099 802 1149 laetum,
833 1106 875 1139 et
899 1098 1053 1139 vestris
1080 1099 1333 1139 nominibus
1362 1098 1544 1155 dignum
1578 1112 1650 1138 eas

164 1165 330 1206 litteras
353 1165 595 1216 continere,
623 1167 665 1206 in
690 1165 787 1221 ipso
810 1181 957 1206 earum
979 1165 1130 1206 limine
1158 1165 1470 1206 intelleximus.

224 1235 331 1275 Nam
366 1240 524 1289 pra‘ter
567 1249 615 1273 ea
653 1248 748 1289 quae
779 1231 832 1273 de
866 1248 1014 1273 norma
1055 1232 1098 1273 in
1133 1231 1321 1273 comitiis
1356 1230 1650 1273 convocandis

165 1300 518 1359 peragendisque
575 1309 740 1341 servata
794 1299 1105 1350 afferebantur,
1151 1298 1535 1341 animadvertimus
1577 1313 1649 1340 eas

166 1367 303 1409 ordiri
330 1384 352 1408 a
383 1376 501 1408 metu
525 1376 685 1418 vestm,
707 1384 793 1425 quo
821 1383 998 1408 suasore
1027 1383 1262 1424 numquam
1280 1366 1531 1407 sacerdotes
1554 1381 1650 1407 esse

167 1434 311 1476 solent
344 1434 386 1474 in
428 1433 562 1474 ardua
596 1442 637 1474 et
675 1433 845 1475 excelsa
878 1450 956 1490 pro
990 1434 1234 1491 Rdigione,
1267 1442 1308 1474 et
1341 1432 1650 1474 Ecclesiastica

165 1502 385 1551 libertate,
412 1501 479 1541 vel
506 1501 806 1559 aggrediendo
832 1502 964 1542 fortes
992 1502 1057 1542 vel
1083 1501 1353 1558 perficiendo
1379 1508 1646 1542 constantes.

227 1571 364 1621 Quem
384 1567 561 1624 quidem
582 1577 743 1609 metum
767 1568 1178 1624 falsojudicavistis,
1198 1584 1327 1624 posse
1350 1583 1428 1608 nos
1444 1568 1486 1608 in
1509 1567 1651 1607 sinum

168 1645 364 1677 nostrum
392 1635 635 1684 effundere.
668 1638 715 1676 In
747 1635 841 1676 sinu
872 1637 986 1676 enim
1016 1645 1166 1677 nostro
1194 1635 1409 1692 hospitari
1436 1644 1651 1692 perpetuo

170 1704 302 1744 debet
328 1703 517 1743 charitas
547 1702 712 1743 Christi
743 1720 838 1760 quse
860 1704 973 1744 foras
1000 1704 1133 1744 mittit
1156 1704 1376 1754 timorem,
1406 1717 1490 1759 qua
1515 1702 1653 1744 chari-

169 1779 255 1812 tate
289 1786 390 1828 erga
423 1786 498 1811 vos
541 1772 830 1827 Regnumque
870 1771 1021 1811 Galliae
1070 1780 1300 1828 paternum
1340 1785 1413 1811 cor
1452 1778 1652 1811 nostrum

170 1838 370 1895 flagrare,
400 1838 548 1879 multis
566 1840 655 1894 jam
676 1854 724 1879 ae
747 1840 916 1895 magnis
933 1838 1246 1896 experimentis
1265 1839 1474 1897 cognosci
1491 1839 1648 1895 potuit,

171 1921 265 1963 quae
293 1906 364 1946 hic
387 1906 549 1946 referre
570 1922 656 1946 non
684 1914 750 1946 est
776 1922 973 1947 necesse.

231 1972 276 2013 Si
299 1970 404 2029 quid
427 1980 493 2012 est
513 1980 657 2013 autem
682 1973 726 2013 in
753 1989 837 2029 quo
860 1973 971 2013 bene
991 1972 1143 2014 merita
1161 1972 1213 2014 de
1234 1972 1362 2013 nobis
1385 1973 1440 2014 sit
1461 1972 1651 2014 charitas

172 2048 319 2079 nostra
348 2055 443 2079 esse
472 2038 672 2095 inprimis
708 2048 925 2095 putamus,
960 2042 1015 2081 ob
1044 2040 1184 2097 ipsum
1214 2039 1378 2097 Regale
1406 2037 1647 2097 negotium,

172 2123 223 2146 ex
246 2121 347 2162 quo,
376 2105 410 2146 si
434 2107 547 2146 serio
573 2122 641 2146 res
664 2106 977 2163 perpendatur,
999 2109 1141 2148 omnis
1163 2107 1330 2148 ordinis
1352 2106 1483 2147 vestri
1503 2106 1650 2164 digni-

172 2182 237 2214 tas
264 2181 393 2229 atque
424 2174 660 2213 auctoritas
688 2174 866 2230 pendet.

230 2239 455 2281 Timuistis
489 2256 594 2297 ergo
635 2240 709 2281 ubi
744 2257 831 2281 non
868 2250 959 2282 erat
989 2242 1135 2282 timor.
1166 2242 1209 2282 ld
1246 2258 1377 2282 unum
1406 2241 1651 2283 timendum

171 2307 293 2348 vobis
310 2315 470 2347 eratne
488 2307 602 2363 apud
620 2310 774 2353 Deum,
792 2307 1095 2365 hominesque,
1116 2309 1428 2365 rcdarguijure
1443 2309 1648 2366 possetis,

173 2374 268 2415 loco
287 2383 416 2430 atque
438 2374 595 2415 honori
614 2383 775 2425 vestro,
801 2384 843 2416 et
862 2376 1098 2416 Pastoralis
1115 2376 1245 2417 officii
1269 2376 1419 2417 debito
1441 2376 1648 2418 defuisse.

172 2440 381 2482 Memoria
426 2441 546 2482 vobis
590 2442 827 2498 repetenda
874 2452 1010 2492 erant,
1062 2460 1156 2500 qua‘
1205 2444 1372 2501 antiqui
1412 2443 1554 2485 Patris
1588 2443 1652 2484 illi

175 2508 466 2554 Sanctissimi,
490 2518 532 2549 ct
554 2510 783 2560 Pra=sules‚
809 2526 917 2566 quos
941 2526 1068 2567 quam
1086 2511 1261 2567 plurimi
1284 2519 1433 2568 postea
1457 2510 1654 2567 qualibet

175 2584 300 2616 {etate
338 2585 438 2615 sunt
466 2577 636 2625 imitati,
686 2576 960 2633 Episcopalis
1004 2578 1260 2619 constantia*
1299 2587 1341 2619 et
1382 2578 1652 2619 fortitudinis

174 2644 386 2700 exempla,
411 2643 454 2684 in
479 2644 727 2699 hujusmodi
757 2644 929 2685 casibus
955 2645 1007 2685 ad
1032 2654 1218 2687 vestram
1245 2645 1536 2687 eruditionem
1559 2645 1652 2686 edi-

175 2709 348 2750 derunt.
386 2710 609 2751 Iutuenda:
637 2710 849 2769 imagines
876 2712 1254 2754 Pxoedeeessorum
1281 2721 1522 2754 vestrorum
1565 2727 1651 2754 non

1800 0 1833 220 ἓ
1838 116 1839 147 i

1812 226 1832 254 {⁵¹

1809 258 1829 300 f

1809 318 1829 336 κ
