1839 3049
649 162 790 192 BULLE
815 163 939 192 VINEA
946 164 981 191 Μ
996 164 1157 192 DOMINI
1576 164 1635 193 ‘1⁴53

156 239 400 277 formulaire.
436 238 499 275 On
530 251 578 275 ne
612 238 697 275 doit
728 252 799 288 pas
828 252 853 288 y
885 239 1090 275 souscrire
1124 239 1345 276 seulement
1377 241 1423 275 ‹lc
1459 240 1632 284 bouchu,

155 303 254 341 mais
277 304 324 340 de
346 316 471 340 coeur.

535 372 744 412 (Bullarium
765 383 945 402 romanum
967 371 986 409 ¹,
1012 377 1033 403 t.
1058 373 1093 408 X,
1114 384 1146 412 p.
1172 374 1253 413 1'15.)

216 494 421 535 Clemens
482 493 730 549 Episcopus
789 509 939 534 servus
999 510 1224 534 servorum
1281 495 1359 535 Dei
1414 496 1639 536 [uix-ersis

159 561 325 603 Christi
352 560 580 602 Fidelibus
617 560 812 601 Salutem
847 569 888 601 ct
921 561 1219 617 Ap(r)stolicam
1259 563 1636 604 Bcnedictionem.

216 629 400 670 Vineam
439 627 615 668 Domini
663 628 873 675 Sabaoth,
917 644 1011 683 qua*
1051 637 1115 668 cst
1156 630 1381 670 Catholica
1424 630 1638 677 Ecclesia,

160 712 241 752 pro
269 695 503 736 commisso
528 695 664 736 Nobis
691 694 900 736 divinitus
925 695 1191 751 Apostolica¹
1218 697 1439 738 servitutis
1464 714 1641 737 munere

161 763 407 813 custodire,
451 772 579 818 atquc
624 762 824 803 excolere
871 762 989 802 omni
1034 762 1178 803 studio
1222 773 1350 819 atque
1402 765 1639 807 industria.

157 830 323 889 jugiter
349 839 615 888 satagentes,
644 846 708 877 ca,
737 846 831 885 quic
857 846 879 870 a
903 830 1113 870 Romanis
1139 831 1445 878 Pontificibus,
1476 832 1644 888 praede-

161 897 412 939 cessoribus
451 897 613 938 nostris
649 897 702 937 ad
737 907 1068 938 succrescentes
1107 898 1149 937 in
1185 898 1258 938 illa
1297 899 1644 954 perniciosarum

163 965 403 1006 novitatum
430 980 586 1020 vepres
615 964 826 1005 radicitus
855 964 1124 1011 evellendos,
1157 965 1364 1021 prudenti
1391 967 1644 1022 salubrique

163 1032 348 1073 consilio
371 1032 609 1072 constituta
634 1048 729 1072 esse
756 1041 1014 1080 noscuntur,
1043 1042 1087 1072 ut
1114 1033 1451 1089 quibuscunque
1476 1033 1646 1074 Inimici

164 1099 364 1141 Hominis
393 1099 696 1140 molitionibus
727 1098 927 1155 dejectis,
960 1099 1127 1140 firmius
1158 1116 1331 1156 semper
1363 1111 1491 1157 atquc
1521 1118 1648 1142 exac-

163 1167 251 1208 tius
299 1168 605 1216 observentur,
651 1166 895 1222 Apostolici
947 1167 1201 1207 muniminis
1252 1169 1390 1209 nostri
1442 1169 1648 1224 przesidio

165 1235 357 1275 libenter
395 1235 671 1284 roboramus,
712 1243 841 1290 atque
877 1234 982 1275 alias
1023 1234 1213 1290 desuper
1254 1235 1566 1282 solicitudinis,
1608 1246 1649 1277 et

167 1301 454 1358 providentiae
497 1311 657 1342 nostroe
700 1311 847 1357 partes
894 1302 1240 1358 interponimus,
1288 1303 1397 1343 sicut
1445 1304 1649 1344 omnibus

169 1378 346 1410 maturae
386 1369 755 1410 considerationis
794 1369 960 1410 trutina
1003 1370 1253 1425 perpensis,
1297 1370 1350 1410 ad
1390 1370 1564 1411 fidelem
1603 1387 1651 1411 ac

168 1445 306 1477 tutam.
348 1436 603 1477 orthodoxae
643 1436 841 1477 veritatis
885 1436 1146 1486 custodiam,
1185 1453 1355 1477 necnon
1395 1437 1650 1478 Animarum

170 1504 365 1560 pretioso
406 1503 635 1562 Unigeniti
677 1503 758 1544 Dei
797 1503 897 1544 Filii
937 1503 1115 1544 Domini
1154 1504 1300 1545 Nostri
1344 1506 1445 1545 Jesu
1486 1505 1651 1546 Christi

172 1571 396 1631 Sanguine
428 1571 756 1627 redemptarum
785 1571 969 1612 salutem
1001 1571 1209 1627 expedire
1242 1571 1284 1611 in
1318 1572 1506 1612 Domino
1536 1573 1652 1613 arbi-

105 1668 111 1672 ·
169 1649 353 1681 tramur.

232 1708 346 1748 Sane
371 1716 605 1763 postquam
629 1706 700 1747 fel.
730 1722 818 1747 rec.
848 1706 1131 1747 Innocentius
1153 1708 1271 1763 Papa
1296 1709 1333 1748 X
1355 1708 1654 1763 praedecessor

172 1783 322 1815 noster
352 1790 431 1830 per
457 1773 691 1830 quamdam
724 1790 844 1814 suam
873 1774 1064 1830 desuper
1093 1774 1255 1815 editam
1284 1774 1654 1815 Constitutionem

175 1841 369 1898 quinque
404 1842 591 1882 famosas
625 1842 959 1898 Propositiones
994 1858 1046 1882 ex
1082 1842 1196 1882 libro
1232 1842 1425 1883 Cornelii
1461 1843 1655 1883 Janscnii

174 1909 385 1966 Episcopi
414 1909 626 1965 IprensiS,
658 1909 727 1950 cui
755 1909 909 1950 titulus
936 1909 1224 1966 Augustinus.
1257 1919 1485 1966 excerptas
1514 1911 1656 1966 Apos-

175 1976 298 2018 tolici
329 1992 513 2017 censura
538 1975 694 2032 judicii
726 1976 808 2017 rite
844 1976 1099 2026 confixerat,
1128 1993 1215 2017 rec.
1249 1993 1377 2017 mem.
1408 1977 1657 2018 Alexander

177 2044 296 2100 Papa
322 2044 399 2084 VII
429 2043 558 2083 etiam
586 2043 888 2099 przcdecessor
919 2053 1068 2084 noster
1097 2044 1150 2083 ad
1182 2043 1397 2099 ejusmodi
1419 2045 1507 2099 jam
1536 2044 1657 2085 dam-

178 2120 303 2151 natos
332 2126 504 2151 errores
536 2127 556 2151 e
586 2110 752 2152 Christi
784 2110 979 2151 fidelium
1013 2111 1233 2151 mentibus
1264 2127 1446 2167 prorsus
1478 2111 1658 2151 abolen-

179 2178 280 2227 dos,
318 2178 594 2234 publicaeque
628 2178 962 2234 tranquillitatis
998 2179 1356 2234 perturbatorum
1388 2178 1536 2219 subtili
1566 2188 1658 2219 tec-

176 2255 242 2287 tas
268 2245 508 2286 calliditate
534 2245 882 2286 machinationes
905 2245 1080 2301 penitus
1105 2246 1378 2293 evertendas,
1406 2245 1658 2301 praedictam

179 2312 425 2354 Innocentii
451 2312 791 2368 praedecessoris
817 2313 1205 2358 Constitutionem,
1233 2322 1324 2353 toto
1350 2313 1468 2353 illius
1495 2312 1659 2354 inserto

178 2390 349 2429 tenore,
380 2380 669 2430 confirmavit,
703 2396 1001 2436 novarumque
1030 2380 1376 2421 declarationum
1408 2380 1658 2421 accessione

181 2447 495 2497 constabilivit,
525 2464 601 2488 sua
637 2448 681 2488 in
712 2447 756 2488 id
793 2448 958 2504 pariter
987 2447 1103 2488 edita
1135 2447 1459 2488 Constitutione
1494 2448 1660 2488 tenoris

183 2515 258 2571 qui
287 2515 501 2571 sequitur,
528 2514 766 2555 videlicet*2
796 2531 802 2554 :

227 2661 256 2690 ’1.
281 2661 396 2695 Rome,
419 2660 664 2691 MDCCXXXV.

227 2702 258 2731 2.
283 2701 515 2732 Constitution
533 2702 578 2732 du
597 2702 634 2731 ⁴15
651 2701 776 2732 fevi-ier
793 2702 880 2733 1664.

258 2759 398 2786 Mus-non.
1543 2759 1573 2783 ss
